{"amount": 0.0004603, "date": 1666890299, "price": 108586.29975587, "tid": 14341959, "type": "sell"}
{"amount": 4.603e-05, "date": 1666890300, "price": 108623.09, "tid": 14341960, "type": "buy"}
{"amount": 0.0021501, "date": 1666890305, "price": 108587.67397208, "tid": 14341961, "type": "sell"}
{"amount": 4.234e-05, "date": 1666890312, "price": 108623.09, "tid": 14341962, "type": "buy"}
{"amount": 0.00046057, "date": 1666890313, "price": 108590.58078871, "tid": 14341963, "type": "sell"}
{"amount": 9.206e-05, "date": 1666890331, "price": 108623.09, "tid": 14341964, "type": "buy"}
{"amount": 0.01469233, "date": 1666890340, "price": 108602.20805527, "tid": 14341965, "type": "sell"}
{"amount": 0.00516, "date": 1666890363, "price": 108610.91987175, "tid": 14341966, "type": "sell"}
{"amount": 0.0055, "date": 1666890363, "price": 108609.91133681, "tid": 14341967, "type": "sell"}
{"amount": 0.00626, "date": 1666890363, "price": 108609.16599921, "tid": 14341968, "type": "sell"}
{"amount": 0.0055, "date": 1666890363, "price": 108608.79565959, "tid": 14341969, "type": "sell"}
{"amount": 0.01557, "date": 1666890363, "price": 108608.73208845, "tid": 14341970, "type": "sell"}
{"amount": 0.00516, "date": 1666890363, "price": 108607.85234169, "tid": 14341971, "type": "sell"}
{"amount": 0.0001841, "date": 1666890370, "price": 108417.00001, "tid": 14341972, "type": "sell"}
{"amount": 0.0027068, "date": 1666890384, "price": 108419.38111524, "tid": 14341973, "type": "sell"}
{"amount": 0.00029036, "date": 1666890437, "price": 108597.11660001, "tid": 14341974, "type": "sell"}
{"amount": 8.701e-05, "date": 1666890443, "price": 108599.42, "tid": 14341975, "type": "buy"}
{"amount": 0.00368326, "date": 1666890464, "price": 108599.42, "tid": 14341976, "type": "buy"}
{"amount": 0.25, "date": 1666890545, "price": 108597.13, "tid": 14341977, "type": "buy"}
{"amount": 0.10460212, "date": 1666890545, "price": 108599.42, "tid": 14341978, "type": "buy"}
{"amount": 0.21414113, "date": 1666890545, "price": 108700, "tid": 14341979, "type": "buy"}
{"amount": 0.0191, "date": 1666890545, "price": 108787.62587142, "tid": 14341980, "type": "buy"}
{"amount": 0.02452, "date": 1666890545, "price": 108787.62587143, "tid": 14341981, "type": "buy"}
{"amount": 0.02427, "date": 1666890545, "price": 108791.8256667, "tid": 14341982, "type": "buy"}
{"amount": 0.06654, "date": 1666890545, "price": 108792.35947701, "tid": 14341983, "type": "buy"}
{"amount": 0.0273, "date": 1666890545, "price": 108792.36435199, "tid": 14341984, "type": "buy"}
{"amount": 0.14355506, "date": 1666890545, "price": 108802, "tid": 14341985, "type": "buy"}
{"amount": 0.00027625, "date": 1666890557, "price": 108597.13, "tid": 14341986, "type": "buy"}
{"amount": 0.00904692, "date": 1666890604, "price": 108597.11718, "tid": 14341987, "type": "sell"}
{"amount": 0.01841669, "date": 1666890668, "price": 108597.13, "tid": 14341988, "type": "buy"}
{"amount": 8.471e-05, "date": 1666890705, "price": 108597.13, "tid": 14341989, "type": "buy"}
{"amount": 0.00043581, "date": 1666890721, "price": 108597.11742, "tid": 14341990, "type": "sell"}
{"amount": 0.14999827, "date": 1666890777, "price": 108597.13, "tid": 14341991, "type": "buy"}
{"amount": 0.15007499, "date": 1666890790, "price": 108597.13, "tid": 14341992, "type": "buy"}
{"amount": 0.15007503, "date": 1666890809, "price": 108597.13, "tid": 14341993, "type": "buy"}
{"amount": 0.15007503, "date": 1666890821, "price": 108597.13, "tid": 14341994, "type": "buy"}
{"amount": 0.00078982, "date": 1666890827, "price": 108597.11762003, "tid": 14341995, "type": "sell"}
{"amount": 0.15007503, "date": 1666890839, "price": 108597.13, "tid": 14341996, "type": "buy"}
{"amount": 0.15007503, "date": 1666890849, "price": 108597.13, "tid": 14341997, "type": "buy"}
{"amount": 0.15007503, "date": 1666890863, "price": 108597.13, "tid": 14341998, "type": "buy"}
{"amount": 0.15007503, "date": 1666890873, "price": 108597.13, "tid": 14341999, "type": "buy"}
{"amount": 0.1, "date": 1666890884, "price": 108597.13, "tid": 14342000, "type": "buy"}
{"amount": 0.15005, "date": 1666890893, "price": 108597.13, "tid": 14342001, "type": "buy"}
{"amount": 0.15007502, "date": 1666890904, "price": 108597.13, "tid": 14342002, "type": "buy"}
{"amount": 0.00341289, "date": 1666890907, "price": 108597.11782001, "tid": 14342003, "type": "sell"}
{"amount": 3.001e-05, "date": 1666890909, "price": 108597.13, "tid": 14342004, "type": "buy"}
{"amount": 0.15007503, "date": 1666890913, "price": 108597.13, "tid": 14342005, "type": "buy"}
{"amount": 0.15007503, "date": 1666890925, "price": 108597.13, "tid": 14342006, "type": "buy"}
{"amount": 0.15007503, "date": 1666890934, "price": 108597.13, "tid": 14342007, "type": "buy"}
{"amount": 4.24e-05, "date": 1666890943, "price": 108597.12781, "tid": 14342008, "type": "sell"}
{"amount": 0.00018398, "date": 1666890947, "price": 108785.99999, "tid": 14342009, "type": "buy"}
{"amount": 0.14989105, "date": 1666890947, "price": 108786, "tid": 14342010, "type": "buy"}
{"amount": 0.15007503, "date": 1666890961, "price": 108597.14, "tid": 14342011, "type": "buy"}
{"amount": 0.15007503, "date": 1666890979, "price": 108597.14, "tid": 14342012, "type": "buy"}
{"amount": 0.15007503, "date": 1666890993, "price": 108597.14, "tid": 14342013, "type": "buy"}
{"amount": 0.15007503, "date": 1666891005, "price": 108597.14, "tid": 14342014, "type": "buy"}
{"amount": 0.15007503, "date": 1666891016, "price": 108597.14, "tid": 14342015, "type": "buy"}
{"amount": 0.00868024, "date": 1666891026, "price": 108597.14, "tid": 14342016, "type": "buy"}
{"amount": 0.15007503, "date": 1666891030, "price": 108597.14, "tid": 14342017, "type": "buy"}
{"amount": 0.15007503, "date": 1666891041, "price": 108597.14, "tid": 14342018, "type": "buy"}
{"amount": 0.0014454, "date": 1666891053, "price": 108597.12791002, "tid": 14342019, "type": "sell"}
{"amount": 0.15007503, "date": 1666891055, "price": 108597.14, "tid": 14342020, "type": "buy"}
{"amount": 0.15007503, "date": 1666891066, "price": 108597.14, "tid": 14342021, "type": "buy"}
{"amount": 0.00279979, "date": 1666891067, "price": 108597.12791004, "tid": 14342022, "type": "sell"}
{"amount": 0.02341, "date": 1666891079, "price": 108597.12796001, "tid": 14342023, "type": "sell"}
{"amount": 0.00854, "date": 1666891079, "price": 108597.12796001, "tid": 14342024, "type": "sell"}
{"amount": 0.00137244, "date": 1666891079, "price": 108597.12796001, "tid": 14342025, "type": "sell"}
{"amount": 0.1, "date": 1666891083, "price": 108597.14, "tid": 14342026, "type": "buy"}
{"amount": 0.01785, "date": 1666891092, "price": 108627.43, "tid": 14342027, "type": "buy"}
{"amount": 0.0133, "date": 1666891093, "price": 108597.12802001, "tid": 14342028, "type": "sell"}
{"amount": 0.11884888, "date": 1666891093, "price": 108597.12802, "tid": 14342029, "type": "sell"}
{"amount": 0.00743, "date": 1666891093, "price": 108597.12796002, "tid": 14342030, "type": "sell"}
{"amount": 0.00751, "date": 1666891093, "price": 108597.12796002, "tid": 14342031, "type": "sell"}
{"amount": 0.00712, "date": 1666891093, "price": 108597.12796002, "tid": 14342032, "type": "sell"}
{"amount": 0.02103, "date": 1666891093, "price": 108597.12796002, "tid": 14342033, "type": "sell"}
{"amount": 0.00845, "date": 1666891093, "price": 108597.12791005, "tid": 14342034, "type": "sell"}
{"amount": 0.02167392, "date": 1666891093, "price": 108596.13, "tid": 14342035, "type": "sell"}
{"amount": 0.0152, "date": 1666891108, "price": 108807.75726056, "tid": 14342036, "type": "buy"}
{"amount": 0.00010892, "date": 1666891108, "price": 108807.75726058, "tid": 14342037, "type": "buy"}
{"amount": 0.15000765, "date": 1666891133, "price": 108617.07, "tid": 14342038, "type": "buy"}
{"amount": 0.150075, "date": 1666891149, "price": 108615.07, "tid": 14342039, "type": "buy"}
{"amount": 0.06724483, "date": 1666891157, "price": 108615.07, "tid": 14342040, "type": "buy"}
{"amount": 0.00639774, "date": 1666891157, "price": 108819.32665, "tid": 14342041, "type": "buy"}
{"amount": 0.0233, "date": 1666891162, "price": 108818.69559088, "tid": 14342042, "type": "buy"}
{"amount": 0.04401986, "date": 1666891162, "price": 108819.32665, "tid": 14342043, "type": "buy"}
{"amount": 0.06839047, "date": 1666891173, "price": 108819.32665, "tid": 14342044, "type": "buy"}
{"amount": 3.364e-05, "date": 1666891173, "price": 108819.52070215, "tid": 14342045, "type": "buy"}
{"amount": 0.02266636, "date": 1666891184, "price": 108819.52070215, "tid": 14342046, "type": "buy"}
{"amount": 3.42e-05, "date": 1666891184, "price": 108819.53067235, "tid": 14342047, "type": "buy"}
{"amount": 0.0178658, "date": 1666891196, "price": 108819.53067235, "tid": 14342048, "type": "buy"}
{"amount": 1.135e-05, "date": 1666891196, "price": 108836, "tid": 14342049, "type": "buy"}
{"amount": 0.00091845, "date": 1666891205, "price": 108879, "tid": 14342050, "type": "buy"}
{"amount": 0.08400705, "date": 1666891207, "price": 108879, "tid": 14342051, "type": "buy"}
{"amount": 0.06604387, "date": 1666891216, "price": 108926, "tid": 14342052, "type": "buy"}
{"amount": 7.004e-05, "date": 1666891223, "price": 108927, "tid": 14342053, "type": "buy"}
{"amount": 0.10789816, "date": 1666891240, "price": 108929, "tid": 14342054, "type": "buy"}
{"amount": 0.00011623, "date": 1666891258, "price": 108705.48754003, "tid": 14342055, "type": "sell"}
{"amount": 0.10078466, "date": 1666891320, "price": 108959, "tid": 14342056, "type": "buy"}
{"amount": 0.15005039, "date": 1666891329, "price": 108958.99999, "tid": 14342057, "type": "buy"}
{"amount": 0.08745918, "date": 1666891356, "price": 108964, "tid": 14342058, "type": "buy"}
{"amount": 0.02839826, "date": 1666891378, "price": 108963.99998, "tid": 14342059, "type": "buy"}
{"amount": 0.10780372, "date": 1666891392, "price": 108963.99997, "tid": 14342060, "type": "buy"}
{"amount": 0.00045886, "date": 1666891405, "price": 108963.99994, "tid": 14342061, "type": "buy"}
{"amount": 0.01568, "date": 1666891418, "price": 108965.35558276, "tid": 14342062, "type": "sell"}
{"amount": 0.00332, "date": 1666891418, "price": 108965.23213622, "tid": 14342063, "type": "sell"}
{"amount": 0.01376005, "date": 1666891464, "price": 109011.19488, "tid": 14342064, "type": "buy"}
{"amount": 0.00013393, "date": 1666891485, "price": 109011.19483, "tid": 14342065, "type": "buy"}
{"amount": 0.0819192, "date": 1666891487, "price": 109011.19483, "tid": 14342066, "type": "buy"}
{"amount": 0.00183472, "date": 1666891517, "price": 109008.45725, "tid": 14342067, "type": "buy"}
{"amount": 0.0226, "date": 1666891552, "price": 108996.40582805, "tid": 14342068, "type": "buy"}
{"amount": 0.02163, "date": 1666891552, "price": 108998.14132093, "tid": 14342069, "type": "buy"}
{"amount": 0.01036337, "date": 1666891552, "price": 109000.36453316, "tid": 14342070, "type": "buy"}
{"amount": 2.75e-05, "date": 1666891555, "price": 108965.23, "tid": 14342071, "type": "sell"}
{"amount": 0.00095007, "date": 1666891568, "price": 108965.23, "tid": 14342072, "type": "sell"}
{"amount": 0.00902243, "date": 1666891592, "price": 108965.23, "tid": 14342073, "type": "sell"}
{"amount": 0.01381613, "date": 1666891592, "price": 108947.70442714, "tid": 14342074, "type": "sell"}
{"amount": 9.174e-05, "date": 1666891593, "price": 108994.73585615, "tid": 14342075, "type": "buy"}
{"amount": 1.734e-05, "date": 1666891615, "price": 108987.28444922, "tid": 14342076, "type": "buy"}
{"amount": 2.461e-05, "date": 1666891652, "price": 108928.1256206, "tid": 14342077, "type": "sell"}
{"amount": 9.171e-05, "date": 1666891738, "price": 109036.52184628, "tid": 14342078, "type": "buy"}
{"amount": 2.293e-05, "date": 1666891844, "price": 109011.56386697, "tid": 14342079, "type": "buy"}
{"amount": 0.01168032, "date": 1666891853, "price": 109009.19462669, "tid": 14342080, "type": "buy"}
{"amount": 0.00047136, "date": 1666891858, "price": 108936.60782063, "tid": 14342081, "type": "sell"}
{"amount": 0.0072, "date": 1666891864, "price": 108938.13110435, "tid": 14342082, "type": "sell"}
{"amount": 0.00366302, "date": 1666891864, "price": 108936.6178, "tid": 14342083, "type": "sell"}
{"amount": 0.00689, "date": 1666891886, "price": 108914.38800591, "tid": 14342084, "type": "sell"}
{"amount": 0.00863, "date": 1666891886, "price": 108913.81968599, "tid": 14342085, "type": "sell"}
{"amount": 0.0091976, "date": 1666891886, "price": 108913.78707747, "tid": 14342086, "type": "sell"}
{"amount": 0.0060603, "date": 1666891907, "price": 108917.91972608, "tid": 14342087, "type": "sell"}
{"amount": 0.0023485, "date": 1666891921, "price": 108919.60440651, "tid": 14342088, "type": "sell"}
{"amount": 0.00348134, "date": 1666891940, "price": 108926.21461935, "tid": 14342089, "type": "sell"}
{"amount": 0.0045788, "date": 1666891955, "price": 109053.64521353, "tid": 14342090, "type": "buy"}
{"amount": 0.0158, "date": 1666892007, "price": 108949.65082851, "tid": 14342091, "type": "sell"}
{"amount": 0.00624, "date": 1666892007, "price": 108949.6508285, "tid": 14342092, "type": "sell"}
{"amount": 0.00485657, "date": 1666892007, "price": 108948.94974532, "tid": 14342093, "type": "sell"}
{"amount": 0.00091692, "date": 1666892049, "price": 109060, "tid": 14342094, "type": "buy"}
{"amount": 0.00090714, "date": 1666892066, "price": 109031, "tid": 14342095, "type": "buy"}
{"amount": 1.734e-05, "date": 1666892074, "price": 108977, "tid": 14342096, "type": "buy"}
{"amount": 0.07389676, "date": 1666892081, "price": 108975, "tid": 14342097, "type": "buy"}
{"amount": 0.00034531, "date": 1666892098, "price": 109031, "tid": 14342098, "type": "buy"}
{"amount": 0.08894694, "date": 1666892118, "price": 108984, "tid": 14342099, "type": "buy"}
{"amount": 0.00045878, "date": 1666892120, "price": 108984, "tid": 14342100, "type": "buy"}
{"amount": 0.06113493, "date": 1666892132, "price": 108984, "tid": 14342101, "type": "buy"}
{"amount": 9.175e-05, "date": 1666892134, "price": 108984, "tid": 14342102, "type": "buy"}
{"amount": 0.00011594, "date": 1666892136, "price": 108983.82291156, "tid": 14342103, "type": "sell"}
{"amount": 0.00018268, "date": 1666892156, "price": 108983.82291157, "tid": 14342104, "type": "sell"}
{"amount": 0.04496072, "date": 1666892157, "price": 108983.99999, "tid": 14342105, "type": "buy"}
{"amount": 0.02503056, "date": 1666892157, "price": 108983.99999, "tid": 14342106, "type": "buy"}
{"amount": 0.0016423, "date": 1666892201, "price": 108983.8229116, "tid": 14342107, "type": "sell"}
{"amount": 0.02647297, "date": 1666892205, "price": 108984, "tid": 14342108, "type": "buy"}
{"amount": 0.001994, "date": 1666892272, "price": 109156.77, "tid": 14342109, "type": "buy"}
{"amount": 0.45604512, "date": 1666892272, "price": 109161, "tid": 14342110, "type": "buy"}
{"amount": 0.00059673, "date": 1666892276, "price": 109160.99999, "tid": 14342111, "type": "buy"}
{"amount": 0.0014516, "date": 1666892282, "price": 109087.60915979, "tid": 14342112, "type": "sell"}
{"amount": 0.00335793, "date": 1666892292, "price": 109129.99, "tid": 14342113, "type": "buy"}
{"amount": 0.00137413, "date": 1666892339, "price": 109129.99, "tid": 14342114, "type": "buy"}
{"amount": 0.00459721, "date": 1666892353, "price": 108989.84190674, "tid": 14342115, "type": "sell"}
{"amount": 8.982e-05, "date": 1666892424, "price": 109114.66010565, "tid": 14342116, "type": "buy"}
{"amount": 0.00068664, "date": 1666892460, "price": 109017.45870001, "tid": 14342117, "type": "sell"}
{"amount": 0.0003, "date": 1666892482, "price": 109025.51000664, "tid": 14342118, "type": "sell"}
{"amount": 0.11526794, "date": 1666892485, "price": 109129.99, "tid": 14342119, "type": "buy"}
{"amount": 0.00010636, "date": 1666892534, "price": 109217.34, "tid": 14342120, "type": "buy"}
{"amount": 0.02132364, "date": 1666892534, "price": 109231.34623658, "tid": 14342121, "type": "buy"}
{"amount": 9.545e-05, "date": 1666892548, "price": 109267, "tid": 14342122, "type": "buy"}
{"amount": 0.00010363, "date": 1666892570, "price": 109233.67885, "tid": 14342123, "type": "buy"}
{"amount": 0.0001832, "date": 1666892755, "price": 109166.14566259, "tid": 14342124, "type": "buy"}
{"amount": 9.15e-06, "date": 1666892768, "price": 109170.96919509, "tid": 14342125, "type": "buy"}
{"amount": 0.0072659, "date": 1666892789, "price": 109029.25490783, "tid": 14342126, "type": "sell"}
{"amount": 0.00012852, "date": 1666892789, "price": 109158, "tid": 14342127, "type": "buy"}
{"amount": 0.09161032, "date": 1666892790, "price": 109158, "tid": 14342128, "type": "buy"}
{"amount": 0.00067376, "date": 1666892803, "price": 109026.85724436, "tid": 14342129, "type": "sell"}
{"amount": 0.01846015, "date": 1666892809, "price": 109153.99999, "tid": 14342130, "type": "buy"}
{"amount": 0.00631909, "date": 1666892817, "price": 108969.72520001, "tid": 14342131, "type": "sell"}
{"amount": 9.162e-05, "date": 1666892864, "price": 109135.94526153, "tid": 14342132, "type": "buy"}
{"amount": 0.03430508, "date": 1666892895, "price": 109136.39617, "tid": 14342133, "type": "buy"}
{"amount": 0.01374449, "date": 1666892909, "price": 109134.59949983, "tid": 14342134, "type": "buy"}
{"amount": 0.004686, "date": 1666892941, "price": 109011.21323746, "tid": 14342135, "type": "sell"}
{"amount": 0.00089061, "date": 1666892944, "price": 109012.25438092, "tid": 14342136, "type": "sell"}
{"amount": 0.00018324, "date": 1666892956, "price": 109143.35523113, "tid": 14342137, "type": "buy"}
{"amount": 3.26e-05, "date": 1666892968, "price": 109018.95311, "tid": 14342138, "type": "sell"}
{"amount": 1.573e-05, "date": 1666892968, "price": 109018.95311, "tid": 14342139, "type": "sell"}
{"amount": 0.01293202, "date": 1666892983, "price": 109023.18756001, "tid": 14342140, "type": "sell"}
{"amount": 1.99e-05, "date": 1666892985, "price": 109146.32894, "tid": 14342141, "type": "buy"}
{"amount": 0.05, "date": 1666893008, "price": 109033.1997, "tid": 14342142, "type": "sell"}
{"amount": 0.008, "date": 1666893008, "price": 109033.18973404, "tid": 14342143, "type": "sell"}
{"amount": 0.00765, "date": 1666893008, "price": 109031.58492902, "tid": 14342144, "type": "sell"}
{"amount": 0.00638, "date": 1666893008, "price": 109030.54378555, "tid": 14342145, "type": "sell"}
{"amount": 0.00638, "date": 1666893008, "price": 109030.42897245, "tid": 14342146, "type": "sell"}
{"amount": 0.01866, "date": 1666893008, "price": 109029.85459846, "tid": 14342147, "type": "sell"}
{"amount": 0.00638, "date": 1666893008, "price": 109029.46304603, "tid": 14342148, "type": "sell"}
{"amount": 0.00666, "date": 1666893008, "price": 109028.67277073, "tid": 14342149, "type": "sell"}
{"amount": 0.0221, "date": 1666893008, "price": 109028.48944881, "tid": 14342150, "type": "sell"}
{"amount": 0.0481, "date": 1666893008, "price": 108978.98704352, "tid": 14342151, "type": "sell"}
{"amount": 0.03793611, "date": 1666893008, "price": 108845.00005, "tid": 14342152, "type": "sell"}
{"amount": 0.0065551, "date": 1666893008, "price": 108757.88847, "tid": 14342153, "type": "sell"}
{"amount": 0.1707, "date": 1666893008, "price": 108742, "tid": 14342154, "type": "sell"}
{"amount": 9.21e-06, "date": 1666893008, "price": 108629.05, "tid": 14342155, "type": "sell"}
{"amount": 0.12614225, "date": 1666893008, "price": 108596.13, "tid": 14342156, "type": "sell"}
{"amount": 4.124e-05, "date": 1666893020, "price": 109111, "tid": 14342157, "type": "buy"}
{"amount": 1.558e-05, "date": 1666893023, "price": 109111, "tid": 14342158, "type": "buy"}
{"amount": 0.04582489, "date": 1666893025, "price": 109111, "tid": 14342159, "type": "buy"}
{"amount": 2.859e-05, "date": 1666893029, "price": 109033.98000933, "tid": 14342160, "type": "sell"}
{"amount": 0.01938314, "date": 1666893040, "price": 109034.0017, "tid": 14342161, "type": "sell"}
{"amount": 0.05, "date": 1666893156, "price": 108897.5608, "tid": 14342162, "type": "sell"}
{"amount": 0.0058, "date": 1666893156, "price": 108897.55079209, "tid": 14342163, "type": "sell"}
{"amount": 0.00453, "date": 1666893156, "price": 108896.37222701, "tid": 14342164, "type": "sell"}
{"amount": 0.00574, "date": 1666893156, "price": 108896.04614181, "tid": 14342165, "type": "sell"}
{"amount": 0.00478, "date": 1666893156, "price": 108895.45918845, "tid": 14342166, "type": "sell"}
{"amount": 0.00483, "date": 1666893156, "price": 108894.91183115, "tid": 14342167, "type": "sell"}
{"amount": 0.0134, "date": 1666893156, "price": 108894.49257875, "tid": 14342168, "type": "sell"}
{"amount": 0.015, "date": 1666893156, "price": 108862.57060664, "tid": 14342169, "type": "sell"}
{"amount": 0.031287, "date": 1666893156, "price": 108784.06675608, "tid": 14342170, "type": "sell"}
{"amount": 0.0004826, "date": 1666893215, "price": 108863.08266214, "tid": 14342171, "type": "sell"}
{"amount": 9.216e-05, "date": 1666893216, "price": 109047.21002758, "tid": 14342172, "type": "buy"}
{"amount": 0.0223, "date": 1666893220, "price": 108863.3, "tid": 14342173, "type": "buy"}
{"amount": 0.02211945, "date": 1666893229, "price": 108863.3, "tid": 14342174, "type": "buy"}
{"amount": 0.15001105, "date": 1666893245, "price": 108716.72, "tid": 14342175, "type": "buy"}
{"amount": 0.10006395, "date": 1666893263, "price": 108714.38, "tid": 14342176, "type": "buy"}
{"amount": 0.14998607, "date": 1666893275, "price": 108732.87, "tid": 14342177, "type": "buy"}
{"amount": 0.0002434, "date": 1666893284, "price": 108696.19074113, "tid": 14342178, "type": "sell"}
{"amount": 0.0032066, "date": 1666893286, "price": 108696.19074113, "tid": 14342179, "type": "sell"}
{"amount": 0.00331, "date": 1666893286, "price": 108695.00751769, "tid": 14342180, "type": "sell"}
{"amount": 0.00324, "date": 1666893286, "price": 108693.32584973, "tid": 14342181, "type": "sell"}
{"amount": 0.05, "date": 1666893286, "price": 108692.9562, "tid": 14342182, "type": "sell"}
{"amount": 0.0041, "date": 1666893286, "price": 108690.63564684, "tid": 14342183, "type": "sell"}
{"amount": 0.09870412, "date": 1666893287, "price": 108690.36, "tid": 14342184, "type": "buy"}
{"amount": 0.05137088, "date": 1666893287, "price": 108735.93, "tid": 14342185, "type": "buy"}
{"amount": 0.14999999, "date": 1666893305, "price": 108732.27, "tid": 14342186, "type": "buy"}
{"amount": 0.150075, "date": 1666893316, "price": 108750.85, "tid": 14342187, "type": "buy"}
{"amount": 0.0275843, "date": 1666893322, "price": 108757.5, "tid": 14342188, "type": "buy"}
{"amount": 0.10000002, "date": 1666893326, "price": 108757.5, "tid": 14342189, "type": "buy"}
{"amount": 6.529e-05, "date": 1666893335, "price": 108760.31, "tid": 14342190, "type": "buy"}
{"amount": 0.00096853, "date": 1666893344, "price": 108717.37463323, "tid": 14342191, "type": "sell"}
{"amount": 0.15005, "date": 1666893349, "price": 108760.31, "tid": 14342192, "type": "buy"}
{"amount": 0.05007456, "date": 1666893366, "price": 108763.95, "tid": 14342193, "type": "buy"}
{"amount": 0.01112549, "date": 1666893374, "price": 108765, "tid": 14342194, "type": "buy"}
{"amount": 0.15000556, "date": 1666893390, "price": 108765, "tid": 14342195, "type": "buy"}
{"amount": 0.00295, "date": 1666893395, "price": 108732.77517139, "tid": 14342196, "type": "sell"}
{"amount": 0.0303328, "date": 1666893395, "price": 108730.9964, "tid": 14342197, "type": "sell"}
{"amount": 0.0209, "date": 1666893405, "price": 108760.65999999, "tid": 14342198, "type": "buy"}
{"amount": 0.0988422, "date": 1666893405, "price": 108760.66, "tid": 14342199, "type": "buy"}
{"amount": 0.00093, "date": 1666893415, "price": 108765, "tid": 14342200, "type": "buy"}
{"amount": 0.14913034, "date": 1666893430, "price": 108742.14, "tid": 14342201, "type": "buy"}
{"amount": 0.15007455, "date": 1666893452, "price": 108741.71, "tid": 14342202, "type": "buy"}
{"amount": 0.00291, "date": 1666893453, "price": 108739.81070041, "tid": 14342203, "type": "sell"}
{"amount": 0.0035, "date": 1666893453, "price": 108700, "tid": 14342204, "type": "sell"}
{"amount": 0.0001436, "date": 1666893453, "price": 108686.6591, "tid": 14342205, "type": "sell"}
{"amount": 0.01887503, "date": 1666893467, "price": 108739.82, "tid": 14342206, "type": "buy"}
{"amount": 0.00148059, "date": 1666893476, "price": 108739.83, "tid": 14342207, "type": "buy"}
{"amount": 0.04420943, "date": 1666893479, "price": 108739.83, "tid": 14342208, "type": "buy"}
{"amount": 0.1500221, "date": 1666893490, "price": 108739.83, "tid": 14342209, "type": "buy"}
{"amount": 0.05, "date": 1666893497, "price": 108739.82, "tid": 14342210, "type": "buy"}
{"amount": 0.00137943, "date": 1666893506, "price": 108739.82, "tid": 14342211, "type": "buy"}
{"amount": 0.01196557, "date": 1666893512, "price": 108766.774101, "tid": 14342212, "type": "buy"}
{"amount": 0.016, "date": 1666893525, "price": 108793.07591111, "tid": 14342213, "type": "buy"}
{"amount": 0.00611398, "date": 1666893540, "price": 108746.67, "tid": 14342214, "type": "buy"}
{"amount": 0.15000305, "date": 1666893554, "price": 108746.67, "tid": 14342215, "type": "buy"}
{"amount": 0.150075, "date": 1666893565, "price": 108728.47, "tid": 14342216, "type": "buy"}
{"amount": 7.036e-05, "date": 1666893594, "price": 108725.41, "tid": 14342217, "type": "buy"}
{"amount": 0.0014458, "date": 1666893626, "price": 108725.40175776, "tid": 14342218, "type": "sell"}
{"amount": 0.15007503, "date": 1666893667, "price": 108725.41, "tid": 14342219, "type": "buy"}
{"amount": 0.15007504, "date": 1666893676, "price": 108763.59, "tid": 14342220, "type": "buy"}
{"amount": 0.15007502, "date": 1666893685, "price": 108757.3, "tid": 14342221, "type": "buy"}
{"amount": 0.15, "date": 1666893715, "price": 108730.86, "tid": 14342222, "type": "buy"}
{"amount": 0.150075, "date": 1666893730, "price": 108725.41, "tid": 14342223, "type": "buy"}
{"amount": 9.559e-05, "date": 1666893733, "price": 108725.4018, "tid": 14342224, "type": "sell"}
{"amount": 0.02269457, "date": 1666893743, "price": 108730.86, "tid": 14342225, "type": "buy"}
{"amount": 0.15001181, "date": 1666893754, "price": 108730.86, "tid": 14342226, "type": "buy"}
{"amount": 0.00014111, "date": 1666893761, "price": 108725.41185, "tid": 14342227, "type": "sell"}
{"amount": 0.03087868, "date": 1666893771, "price": 108730.86, "tid": 14342228, "type": "buy"}
{"amount": 7.499e-05, "date": 1666893771, "price": 108754.97164229, "tid": 14342229, "type": "buy"}
{"amount": 0.0145, "date": 1666893783, "price": 108759.02820688, "tid": 14342230, "type": "buy"}
{"amount": 0.00712272, "date": 1666893795, "price": 108910.45819717, "tid": 14342231, "type": "buy"}
{"amount": 0.00035052, "date": 1666893806, "price": 108907.85252036, "tid": 14342232, "type": "buy"}
{"amount": 0.00091823, "date": 1666893896, "price": 108904.75934554, "tid": 14342233, "type": "buy"}
{"amount": 0.001173, "date": 1666893967, "price": 108788.1350215, "tid": 14342234, "type": "sell"}
{"amount": 0.00049255, "date": 1666893980, "price": 108983.60612363, "tid": 14342235, "type": "buy"}
{"amount": 0.0045878, "date": 1666894040, "price": 108809.07736217, "tid": 14342236, "type": "sell"}
{"amount": 2.358e-05, "date": 1666894052, "price": 108982.0290676, "tid": 14342237, "type": "buy"}
{"amount": 0.00183516, "date": 1666894090, "price": 108982.0290676, "tid": 14342238, "type": "buy"}
{"amount": 0.00014112, "date": 1666894102, "price": 108982.0290676, "tid": 14342239, "type": "buy"}
{"amount": 0.003, "date": 1666894107, "price": 108834.84580001, "tid": 14342240, "type": "sell"}
{"amount": 0.0142906, "date": 1666894131, "price": 108801.43371, "tid": 14342241, "type": "sell"}
{"amount": 0.00367027, "date": 1666894219, "price": 108983.59999, "tid": 14342242, "type": "buy"}
{"amount": 0.01066218, "date": 1666894382, "price": 108977.55232999, "tid": 14342243, "type": "buy"}
{"amount": 0.0004725, "date": 1666894471, "price": 108800.08234518, "tid": 14342244, "type": "sell"}
{"amount": 0.00091756, "date": 1666894570, "price": 108983.59994999, "tid": 14342245, "type": "buy"}
{"amount": 0.005, "date": 1666894581, "price": 108983.58, "tid": 14342246, "type": "sell"}
{"amount": 0.00090754, "date": 1666894592, "price": 108983.59993999, "tid": 14342247, "type": "buy"}
{"amount": 0.0018351, "date": 1666894627, "price": 108983.58, "tid": 14342248, "type": "sell"}
{"amount": 0.0006463, "date": 1666894744, "price": 108983.58, "tid": 14342249, "type": "sell"}
{"amount": 0.00019594, "date": 1666894751, "price": 108983.58, "tid": 14342250, "type": "sell"}
{"amount": 0.0001612, "date": 1666894754, "price": 108983.58, "tid": 14342251, "type": "sell"}
{"amount": 0.003258, "date": 1666894857, "price": 108983.58, "tid": 14342252, "type": "sell"}
{"amount": 0.09359207, "date": 1666894866, "price": 108983.58999, "tid": 14342253, "type": "buy"}
{"amount": 0.00099829, "date": 1666894957, "price": 108983.58998996, "tid": 14342254, "type": "buy"}
{"amount": 6.496e-05, "date": 1666894962, "price": 108983.58998993, "tid": 14342255, "type": "buy"}
{"amount": 0.0096345, "date": 1666895041, "price": 108983.58, "tid": 14342256, "type": "sell"}
{"amount": 0.0088, "date": 1666895052, "price": 108983.58, "tid": 14342257, "type": "sell"}
{"amount": 0.00017875, "date": 1666895074, "price": 108983.58000001, "tid": 14342258, "type": "sell"}
{"amount": 0.04129061, "date": 1666895083, "price": 108983.59, "tid": 14342259, "type": "buy"}
{"amount": 0.11106798, "date": 1666895120, "price": 108983.59, "tid": 14342260, "type": "buy"}
{"amount": 0.00311698, "date": 1666895139, "price": 108983.58000001, "tid": 14342261, "type": "sell"}
{"amount": 0.00780644, "date": 1666895164, "price": 108983.58000001, "tid": 14342262, "type": "sell"}
{"amount": 0.0001265, "date": 1666895165, "price": 108983.58000001, "tid": 14342263, "type": "sell"}
{"amount": 0.15139547, "date": 1666895230, "price": 108983.58, "tid": 14342264, "type": "sell"}
{"amount": 0.08225679, "date": 1666895267, "price": 108983.59, "tid": 14342265, "type": "buy"}
{"amount": 0.02311283, "date": 1666895275, "price": 108983.59, "tid": 14342266, "type": "buy"}
{"amount": 0.04467196, "date": 1666895275, "price": 108983.59, "tid": 14342267, "type": "buy"}
{"amount": 0.00483935, "date": 1666895280, "price": 108983.58010002, "tid": 14342268, "type": "sell"}
{"amount": 0.00048278, "date": 1666895300, "price": 108983.6, "tid": 14342269, "type": "buy"}
{"amount": 0.02693154, "date": 1666895300, "price": 108993.79, "tid": 14342270, "type": "buy"}
{"amount": 0.12263326, "date": 1666895307, "price": 109038.92, "tid": 14342271, "type": "buy"}
{"amount": 0.0023288, "date": 1666895343, "price": 108990.3662679, "tid": 14342272, "type": "sell"}
{"amount": 1.513e-05, "date": 1666895350, "price": 109040.39, "tid": 14342273, "type": "buy"}
{"amount": 0.032, "date": 1666895390, "price": 109004.1848, "tid": 14342274, "type": "sell"}
{"amount": 0.0214, "date": 1666895451, "price": 109038.57138241, "tid": 14342275, "type": "buy"}
{"amount": 0.00611316, "date": 1666895451, "price": 109039.19781735, "tid": 14342276, "type": "buy"}
{"amount": 0.00412691, "date": 1666895491, "price": 109040.39, "tid": 14342277, "type": "buy"}
{"amount": 0.0004754, "date": 1666895550, "price": 109002.72841337, "tid": 14342278, "type": "sell"}
{"amount": 0.04935972, "date": 1666895558, "price": 109040.39, "tid": 14342279, "type": "buy"}
{"amount": 0.06677, "date": 1666895574, "price": 109118.95161595, "tid": 14342280, "type": "buy"}
{"amount": 0.02463, "date": 1666895574, "price": 109119.78986247, "tid": 14342281, "type": "buy"}
{"amount": 0.00073421, "date": 1666895574, "price": 109120.22398573, "tid": 14342282, "type": "buy"}
{"amount": 0.12144605, "date": 1666895586, "price": 109014.02, "tid": 14342283, "type": "buy"}
{"amount": 0.02866118, "date": 1666895591, "price": 109013.45, "tid": 14342284, "type": "buy"}
{"amount": 0.09322387, "date": 1666895602, "price": 109029.22, "tid": 14342285, "type": "buy"}
{"amount": 0.05683707, "date": 1666895608, "price": 109067.23, "tid": 14342286, "type": "buy"}
{"amount": 0.0009169, "date": 1666895610, "price": 109017.87914199, "tid": 14342287, "type": "sell"}
{"amount": 0.00019115, "date": 1666895619, "price": 109071.28, "tid": 14342288, "type": "buy"}
{"amount": 0.08563795, "date": 1666895627, "price": 109071.28, "tid": 14342289, "type": "buy"}
{"amount": 0.00619, "date": 1666895636, "price": 109032.81617333, "tid": 14342290, "type": "sell"}
{"amount": 0.00619, "date": 1666895636, "price": 109031.13217619, "tid": 14342291, "type": "sell"}
{"amount": 0.00613, "date": 1666895636, "price": 109030.60646479, "tid": 14342292, "type": "sell"}
{"amount": 0.00728, "date": 1666895636, "price": 109029.12976466, "tid": 14342293, "type": "sell"}
{"amount": 0.01645, "date": 1666895636, "price": 109028.88656733, "tid": 14342294, "type": "sell"}
{"amount": 0.02611229, "date": 1666895636, "price": 109013.39419, "tid": 14342295, "type": "sell"}
{"amount": 0.03306761, "date": 1666895636, "price": 108983.58, "tid": 14342296, "type": "sell"}
{"amount": 0.06443327, "date": 1666895638, "price": 109070.79, "tid": 14342297, "type": "buy"}
{"amount": 0.00024755, "date": 1666895644, "price": 109067.37, "tid": 14342298, "type": "buy"}
{"amount": 0.15003221, "date": 1666895650, "price": 109067.37, "tid": 14342299, "type": "buy"}
{"amount": 5.666e-05, "date": 1666895652, "price": 109060.84, "tid": 14342300, "type": "buy"}
{"amount": 0.00476, "date": 1666895657, "price": 109041.6528029, "tid": 14342301, "type": "sell"}
{"amount": 0.0053, "date": 1666895657, "price": 109041.30808426, "tid": 14342302, "type": "sell"}
{"amount": 0.01994, "date": 1666895657, "price": 109040.2064, "tid": 14342303, "type": "sell"}
{"amount": 0.08964957, "date": 1666895662, "price": 109060.84, "tid": 14342304, "type": "buy"}
{"amount": 0.04053026, "date": 1666895666, "price": 109060.03, "tid": 14342305, "type": "buy"}
{"amount": 0.07667879, "date": 1666895674, "price": 109067.74, "tid": 14342306, "type": "buy"}
{"amount": 0.0733798, "date": 1666895680, "price": 109067.64, "tid": 14342307, "type": "buy"}
{"amount": 0.18336466, "date": 1666895682, "price": 109072.27, "tid": 14342308, "type": "buy"}
{"amount": 0.014, "date": 1666895705, "price": 109134.71999999, "tid": 14342309, "type": "buy"}
{"amount": 0.13603668, "date": 1666895705, "price": 109134.72, "tid": 14342310, "type": "buy"}
{"amount": 1.053e-05, "date": 1666895735, "price": 109129.7, "tid": 14342311, "type": "buy"}
{"amount": 0.01065863, "date": 1666895768, "price": 109129.69999, "tid": 14342312, "type": "buy"}
{"amount": 0.13934183, "date": 1666895768, "price": 109129.7, "tid": 14342313, "type": "buy"}
{"amount": 0.01038, "date": 1666895795, "price": 109147.56998, "tid": 14342314, "type": "buy"}
{"amount": 0.01197565, "date": 1666895802, "price": 109146.00488138, "tid": 14342315, "type": "buy"}
{"amount": 0.02344, "date": 1666895815, "price": 109143.84036026, "tid": 14342316, "type": "buy"}
{"amount": 5.98e-06, "date": 1666895815, "price": 109147.57, "tid": 14342317, "type": "buy"}
{"amount": 0.00060926, "date": 1666895824, "price": 109147.57, "tid": 14342318, "type": "buy"}
{"amount": 0.1177085, "date": 1666895833, "price": 109187, "tid": 14342319, "type": "buy"}
{"amount": 0.00172708, "date": 1666895848, "price": 109053.60544698, "tid": 14342320, "type": "sell"}
{"amount": 0.00391471, "date": 1666895892, "price": 109071.07307254, "tid": 14342321, "type": "sell"}
{"amount": 0.0004579, "date": 1666895961, "price": 109193.1, "tid": 14342322, "type": "buy"}
{"amount": 0.14542736, "date": 1666895997, "price": 109193.1, "tid": 14342323, "type": "buy"}
{"amount": 0.0004933, "date": 1666896020, "price": 109127.07877988, "tid": 14342324, "type": "sell"}
{"amount": 0.00136978, "date": 1666896128, "price": 109225.55, "tid": 14342325, "type": "buy"}
{"amount": 0.09791022, "date": 1666896128, "price": 109233.66998, "tid": 14342326, "type": "buy"}
{"amount": 0.01368009, "date": 1666896145, "price": 109233.66997, "tid": 14342327, "type": "buy"}
{"amount": 0.00019215, "date": 1666896223, "price": 109233.67, "tid": 14342328, "type": "buy"}
{"amount": 5.877e-05, "date": 1666896242, "price": 109231.7831327, "tid": 14342329, "type": "buy"}
{"amount": 0.02284, "date": 1666896279, "price": 109218.72037375, "tid": 14342330, "type": "buy"}
{"amount": 0.02655, "date": 1666896279, "price": 109219.39824601, "tid": 14342331, "type": "buy"}
{"amount": 0.15000046, "date": 1666896378, "price": 109233.67, "tid": 14342332, "type": "buy"}
{"amount": 0.06089386, "date": 1666896385, "price": 109233.67, "tid": 14342333, "type": "buy"}
{"amount": 0.07521374, "date": 1666896388, "price": 109233.67, "tid": 14342334, "type": "buy"}
{"amount": 0.00039234, "date": 1666896388, "price": 109250.46, "tid": 14342335, "type": "buy"}
{"amount": 0.0038352, "date": 1666896431, "price": 109291.29135044, "tid": 14342336, "type": "sell"}
{"amount": 0.00041097, "date": 1666896436, "price": 109300, "tid": 14342337, "type": "buy"}
{"amount": 0.00401612, "date": 1666896495, "price": 109300, "tid": 14342338, "type": "buy"}
{"amount": 0.012865, "date": 1666896513, "price": 109291.3114, "tid": 14342339, "type": "sell"}
{"amount": 9.149e-05, "date": 1666896519, "price": 109300, "tid": 14342340, "type": "buy"}
{"amount": 0.0004575, "date": 1666896522, "price": 109291.31145001, "tid": 14342341, "type": "sell"}
{"amount": 0.00027447, "date": 1666896534, "price": 109300, "tid": 14342342, "type": "buy"}
{"amount": 0.00122241, "date": 1666896542, "price": 109300, "tid": 14342343, "type": "buy"}
{"amount": 0.00140324, "date": 1666896586, "price": 109300, "tid": 14342344, "type": "buy"}
{"amount": 0.00026089, "date": 1666896586, "price": 109333.3333, "tid": 14342345, "type": "buy"}
{"amount": 0.00747766, "date": 1666896586, "price": 109405.99999, "tid": 14342346, "type": "buy"}
{"amount": 0.0004546, "date": 1666896621, "price": 109271.42376984, "tid": 14342347, "type": "sell"}
{"amount": 0.0049865, "date": 1666896637, "price": 109277.9608, "tid": 14342348, "type": "sell"}
{"amount": 4.79e-05, "date": 1666896654, "price": 109284.2123346, "tid": 14342349, "type": "sell"}
{"amount": 0.0004492, "date": 1666896659, "price": 109287.533062, "tid": 14342350, "type": "sell"}
{"amount": 9e-05, "date": 1666896735, "price": 109268.79969617, "tid": 14342351, "type": "sell"}
{"amount": 1.05e-05, "date": 1666896788, "price": 109271.61984661, "tid": 14342352, "type": "sell"}
{"amount": 0.00098036, "date": 1666896806, "price": 109277.5748766, "tid": 14342353, "type": "sell"}
{"amount": 0.019, "date": 1666896834, "price": 109283.39224336, "tid": 14342354, "type": "sell"}
{"amount": 0.0001828, "date": 1666896866, "price": 109405.99999, "tid": 14342355, "type": "buy"}
{"amount": 0.00068551, "date": 1666896868, "price": 109405.99998999, "tid": 14342356, "type": "buy"}
{"amount": 0.14935837, "date": 1666896883, "price": 109406, "tid": 14342357, "type": "buy"}
{"amount": 0.00452452, "date": 1666896911, "price": 109414.78961242, "tid": 14342358, "type": "buy"}
{"amount": 0.0006619, "date": 1666896936, "price": 109226.53119863, "tid": 14342359, "type": "sell"}
{"amount": 0.00155203, "date": 1666897041, "price": 109266.51759825, "tid": 14342360, "type": "sell"}
{"amount": 0.00383, "date": 1666897047, "price": 109393.33998, "tid": 14342361, "type": "buy"}
{"amount": 0.0014701, "date": 1666897076, "price": 109283.84669746, "tid": 14342362, "type": "sell"}
{"amount": 0.00091392, "date": 1666897097, "price": 109418.36998999, "tid": 14342363, "type": "buy"}
{"amount": 0.00698, "date": 1666897232, "price": 109337.13014018, "tid": 14342364, "type": "sell"}
{"amount": 0.00239, "date": 1666897232, "price": 109335.56958958, "tid": 14342365, "type": "sell"}
{"amount": 0.06055237, "date": 1666897269, "price": 109481.08064, "tid": 14342366, "type": "buy"}
{"amount": 0.00043001, "date": 1666897281, "price": 109359.1851456, "tid": 14342367, "type": "sell"}
{"amount": 0.15000047, "date": 1666897298, "price": 109385.88, "tid": 14342368, "type": "buy"}
{"amount": 0.014, "date": 1666897325, "price": 109372.85112796, "tid": 14342369, "type": "sell"}
{"amount": 0.00644, "date": 1666897325, "price": 109372.85112795, "tid": 14342370, "type": "sell"}
{"amount": 0.00651, "date": 1666897325, "price": 109372.7992027, "tid": 14342371, "type": "sell"}
{"amount": 0.01804, "date": 1666897325, "price": 109371.59413726, "tid": 14342372, "type": "sell"}
{"amount": 0.05, "date": 1666897325, "price": 109371.5428, "tid": 14342373, "type": "sell"}
{"amount": 0.00658, "date": 1666897325, "price": 109371.53281207, "tid": 14342374, "type": "sell"}
{"amount": 0.00798, "date": 1666897325, "price": 109371.43964486, "tid": 14342375, "type": "sell"}
{"amount": 0.01881, "date": 1666897325, "price": 109370.2851381, "tid": 14342376, "type": "sell"}
{"amount": 0.01164, "date": 1666897325, "price": 109221.19002001, "tid": 14342377, "type": "sell"}
{"amount": 0.13521541, "date": 1666897344, "price": 109419.37, "tid": 14342378, "type": "buy"}
{"amount": 0.0001, "date": 1666897345, "price": 109381.8131293, "tid": 14342379, "type": "sell"}
{"amount": 0.01485265, "date": 1666897355, "price": 109419.37, "tid": 14342380, "type": "buy"}
{"amount": 0.01551696, "date": 1666897370, "price": 109430.91999999, "tid": 14342381, "type": "buy"}
{"amount": 0.00448304, "date": 1666897380, "price": 109430.91999999, "tid": 14342382, "type": "buy"}
{"amount": 0.00221517, "date": 1666897380, "price": 109430.92, "tid": 14342383, "type": "buy"}
{"amount": 0.02952, "date": 1666897387, "price": 109242.5652, "tid": 14342384, "type": "sell"}
{"amount": 0.0006591, "date": 1666897435, "price": 109265.38583811, "tid": 14342385, "type": "sell"}
{"amount": 0.0001, "date": 1666897488, "price": 109284.3933262, "tid": 14342386, "type": "sell"}
{"amount": 0.0184, "date": 1666897513, "price": 109480.23297914, "tid": 14342387, "type": "buy"}
{"amount": 0.00216184, "date": 1666897513, "price": 109480.56204032, "tid": 14342388, "type": "buy"}
{"amount": 0.04989028, "date": 1666897526, "price": 109490.4, "tid": 14342389, "type": "buy"}
{"amount": 0.0089313, "date": 1666897536, "price": 109490.4, "tid": 14342390, "type": "buy"}
{"amount": 3.568e-05, "date": 1666897536, "price": 109500, "tid": 14342391, "type": "buy"}
{"amount": 0.00496432, "date": 1666897546, "price": 109500, "tid": 14342392, "type": "buy"}
{"amount": 0.00432385, "date": 1666897546, "price": 109500, "tid": 14342393, "type": "buy"}
{"amount": 4.47e-06, "date": 1666897546, "price": 109513, "tid": 14342394, "type": "buy"}
{"amount": 0.02236418, "date": 1666897578, "price": 109552.17939216, "tid": 14342395, "type": "buy"}
{"amount": 0.00031117, "date": 1666897616, "price": 109513, "tid": 14342396, "type": "buy"}
{"amount": 0.00637848, "date": 1666897616, "price": 109546.75881168, "tid": 14342397, "type": "buy"}
{"amount": 0.00775915, "date": 1666897618, "price": 109548.02188838, "tid": 14342398, "type": "buy"}
{"amount": 0.00862532, "date": 1666897621, "price": 109548.02238231, "tid": 14342399, "type": "buy"}
{"amount": 0.00090258, "date": 1666897707, "price": 109582.39459396, "tid": 14342400, "type": "buy"}
{"amount": 1.746e-05, "date": 1666897721, "price": 109379.44786, "tid": 14342401, "type": "sell"}
{"amount": 0.00013518, "date": 1666897761, "price": 109591.74539021, "tid": 14342402, "type": "buy"}
{"amount": 0.06443, "date": 1666897771, "price": 109588.18665481, "tid": 14342403, "type": "buy"}
{"amount": 0.02301, "date": 1666897771, "price": 109589.50777679, "tid": 14342404, "type": "buy"}
{"amount": 0.09505999, "date": 1666897771, "price": 109589.51508, "tid": 14342405, "type": "buy"}
{"amount": 0.03537365, "date": 1666897778, "price": 109401.91745, "tid": 14342406, "type": "sell"}
{"amount": 0.0001369, "date": 1666897831, "price": 109564.44525217, "tid": 14342407, "type": "buy"}
{"amount": 4.5e-05, "date": 1666897867, "price": 109440.17422624, "tid": 14342408, "type": "sell"}
{"amount": 0.05706, "date": 1666897876, "price": 109545.14737913, "tid": 14342409, "type": "buy"}
{"amount": 0.00775336, "date": 1666897876, "price": 109546.51481, "tid": 14342410, "type": "buy"}
{"amount": 2.434e-05, "date": 1666897911, "price": 109455.5964103, "tid": 14342411, "type": "sell"}
{"amount": 0.0058014, "date": 1666897946, "price": 109469.11962939, "tid": 14342412, "type": "sell"}
{"amount": 0.00044708, "date": 1666897946, "price": 109610.20522, "tid": 14342413, "type": "buy"}
{"amount": 0.00046, "date": 1666898003, "price": 109628.8, "tid": 14342414, "type": "buy"}
{"amount": 0.00275911, "date": 1666898003, "price": 109629, "tid": 14342415, "type": "buy"}
{"amount": 0.000226, "date": 1666898003, "price": 109650.668, "tid": 14342416, "type": "buy"}
{"amount": 0.00874, "date": 1666898077, "price": 109696.14540001, "tid": 14342417, "type": "sell"}
{"amount": 0.01072, "date": 1666898077, "price": 109696.14540001, "tid": 14342418, "type": "sell"}
{"amount": 0.00874, "date": 1666898077, "price": 109696.14540001, "tid": 14342419, "type": "sell"}
{"amount": 0.0042, "date": 1666898077, "price": 109696.14540001, "tid": 14342420, "type": "sell"}
{"amount": 0.00044671, "date": 1666898174, "price": 109700, "tid": 14342421, "type": "buy"}
{"amount": 5.178e-05, "date": 1666898201, "price": 109700, "tid": 14342422, "type": "buy"}
{"amount": 0.00131437, "date": 1666898201, "price": 109801.1375076, "tid": 14342423, "type": "buy"}
{"amount": 0.01952, "date": 1666898205, "price": 109799.79932559, "tid": 14342424, "type": "buy"}
{"amount": 0.00598093, "date": 1666898205, "price": 109800.16007411, "tid": 14342425, "type": "buy"}
{"amount": 0.00012015, "date": 1666898288, "price": 109696.13546, "tid": 14342426, "type": "sell"}
{"amount": 0.02703415, "date": 1666898336, "price": 109758.22742, "tid": 14342427, "type": "buy"}
{"amount": 0.00096418, "date": 1666898351, "price": 109650.66, "tid": 14342428, "type": "sell"}
{"amount": 0.00455553, "date": 1666898361, "price": 109756.58937, "tid": 14342429, "type": "buy"}
{"amount": 0.00085191, "date": 1666898439, "price": 109752.96898, "tid": 14342430, "type": "buy"}
{"amount": 9.11e-06, "date": 1666898469, "price": 109682, "tid": 14342431, "type": "buy"}
{"amount": 0.01789, "date": 1666898523, "price": 109660.02018462, "tid": 14342432, "type": "buy"}
{"amount": 0.01848, "date": 1666898523, "price": 109661.73374009, "tid": 14342433, "type": "buy"}
{"amount": 0.00922502, "date": 1666898523, "price": 109661.91411435, "tid": 14342434, "type": "buy"}
{"amount": 0.01645, "date": 1666898532, "price": 109656.42316739, "tid": 14342435, "type": "buy"}
{"amount": 0.01663, "date": 1666898532, "price": 109656.81244778, "tid": 14342436, "type": "buy"}
{"amount": 0.01773, "date": 1666898532, "price": 109657.41035084, "tid": 14342437, "type": "buy"}
{"amount": 0.04038322, "date": 1666898532, "price": 109657.72650653, "tid": 14342438, "type": "buy"}
{"amount": 0.00192887, "date": 1666898617, "price": 109650.8, "tid": 14342439, "type": "sell"}
{"amount": 0.04037479, "date": 1666898624, "price": 109650.8, "tid": 14342440, "type": "sell"}
{"amount": 0.0002736, "date": 1666898743, "price": 109650.8, "tid": 14342441, "type": "sell"}
{"amount": 0.00541, "date": 1666898751, "price": 109650.8, "tid": 14342442, "type": "sell"}
{"amount": 0.01591406, "date": 1666898769, "price": 109655.47353, "tid": 14342443, "type": "buy"}
{"amount": 0.97110059, "date": 1666898769, "price": 109655.47363, "tid": 14342444, "type": "buy"}
{"amount": 0.1162635, "date": 1666898813, "price": 109650.8, "tid": 14342445, "type": "sell"}
{"amount": 1.823e-05, "date": 1666898827, "price": 109655.4735, "tid": 14342446, "type": "buy"}
{"amount": 0.0038, "date": 1666898899, "price": 109650.8, "tid": 14342447, "type": "sell"}
{"amount": 0.0209, "date": 1666898917, "price": 109650.80000001, "tid": 14342448, "type": "sell"}
{"amount": 0.0053731, "date": 1666898917, "price": 109650.8, "tid": 14342449, "type": "sell"}
{"amount": 5.298e-05, "date": 1666898917, "price": 109655.47346, "tid": 14342450, "type": "buy"}
{"amount": 2.279e-05, "date": 1666899008, "price": 109655.47331, "tid": 14342451, "type": "buy"}
{"amount": 0.00245488, "date": 1666899011, "price": 109655.47331, "tid": 14342452, "type": "buy"}
{"amount": 0.196, "date": 1666899011, "price": 109655.47332, "tid": 14342453, "type": "buy"}
{"amount": 0.01738, "date": 1666899011, "price": 109655.47333999, "tid": 14342454, "type": "buy"}
{"amount": 0.03972, "date": 1666899011, "price": 109655.47334999, "tid": 14342455, "type": "buy"}
{"amount": 0.0089098, "date": 1666899011, "price": 109655.47334999, "tid": 14342456, "type": "buy"}
{"amount": 0.000465, "date": 1666899051, "price": 109675.51288106, "tid": 14342457, "type": "buy"}
{"amount": 8.75e-05, "date": 1666899072, "price": 109650.80000001, "tid": 14342458, "type": "sell"}
{"amount": 0.07581207, "date": 1666899137, "price": 109669.20122, "tid": 14342459, "type": "sell"}
{"amount": 0.0006194, "date": 1666899150, "price": 109782.99, "tid": 14342460, "type": "buy"}
{"amount": 0.00029155, "date": 1666899284, "price": 109757.871, "tid": 14342461, "type": "buy"}
{"amount": 0.0147, "date": 1666899292, "price": 109755.94046029, "tid": 14342462, "type": "buy"}
{"amount": 0.01212, "date": 1666899292, "price": 109756.02089746, "tid": 14342463, "type": "buy"}
{"amount": 0.02329112, "date": 1666899292, "price": 109756.17202184, "tid": 14342464, "type": "buy"}
{"amount": 0.00270653, "date": 1666899336, "price": 109745.65155, "tid": 14342465, "type": "buy"}
{"amount": 0.00065487, "date": 1666899404, "price": 109650.66, "tid": 14342466, "type": "sell"}
{"amount": 0.00058741, "date": 1666899404, "price": 109650.66, "tid": 14342467, "type": "sell"}
{"amount": 0.00010816, "date": 1666899435, "price": 109650.66999999, "tid": 14342468, "type": "buy"}
{"amount": 0.00123653, "date": 1666899439, "price": 109650.66, "tid": 14342469, "type": "sell"}
{"amount": 0.0166, "date": 1666899439, "price": 109631.23667162, "tid": 14342470, "type": "sell"}
{"amount": 0.02268757, "date": 1666899439, "price": 109556.67878286, "tid": 14342471, "type": "sell"}
{"amount": 0.0001751, "date": 1666899443, "price": 109650.66999999, "tid": 14342472, "type": "buy"}
{"amount": 0.00011363, "date": 1666899453, "price": 109556.69, "tid": 14342473, "type": "buy"}
{"amount": 0.00062622, "date": 1666899486, "price": 109152.90825938, "tid": 14342474, "type": "sell"}
{"amount": 9.139e-05, "date": 1666899582, "price": 109420.5012852, "tid": 14342475, "type": "buy"}
{"amount": 0.012, "date": 1666899606, "price": 109226.20037791, "tid": 14342476, "type": "sell"}
{"amount": 0.014, "date": 1666899651, "price": 109444.25998999, "tid": 14342477, "type": "buy"}
{"amount": 9.134e-05, "date": 1666899670, "price": 109470.00333, "tid": 14342478, "type": "buy"}
{"amount": 9.761e-05, "date": 1666899747, "price": 109289.75544399, "tid": 14342479, "type": "sell"}
{"amount": 0.15100844, "date": 1666899755, "price": 109367.06, "tid": 14342480, "type": "buy"}
{"amount": 0.00091435, "date": 1666899756, "price": 109367.06, "tid": 14342481, "type": "buy"}
{"amount": 0.05489335, "date": 1666899813, "price": 109303.03, "tid": 14342482, "type": "buy"}
{"amount": 3.659e-05, "date": 1666899819, "price": 109302.58, "tid": 14342483, "type": "buy"}
{"amount": 0.01097869, "date": 1666899833, "price": 109302.58, "tid": 14342484, "type": "buy"}
{"amount": 9.688e-05, "date": 1666899860, "price": 109302.58, "tid": 14342485, "type": "buy"}
{"amount": 0.07296114, "date": 1666899916, "price": 109000.00999, "tid": 14342486, "type": "buy"}
{"amount": 4.5e-07, "date": 1666899916, "price": 109000.01, "tid": 14342487, "type": "buy"}
{"amount": 0.12821347, "date": 1666899927, "price": 109000.01, "tid": 14342488, "type": "buy"}
{"amount": 0.00275229, "date": 1666899938, "price": 109000.01, "tid": 14342489, "type": "buy"}
{"amount": 0.00101554, "date": 1666900007, "price": 109000.00015, "tid": 14342490, "type": "sell"}
{"amount": 0.00328487, "date": 1666900037, "price": 109000.01, "tid": 14342491, "type": "buy"}
{"amount": 0.04662356, "date": 1666900037, "price": 109027.91, "tid": 14342492, "type": "buy"}
{"amount": 0.00036676, "date": 1666900039, "price": 109061.06, "tid": 14342493, "type": "buy"}
{"amount": 0.00027858, "date": 1666900076, "price": 109061.06, "tid": 14342494, "type": "buy"}
{"amount": 0.0003003, "date": 1666900077, "price": 109008.80596695, "tid": 14342495, "type": "sell"}
{"amount": 0.01668, "date": 1666900103, "price": 109019.02407961, "tid": 14342496, "type": "sell"}
{"amount": 0.00678922, "date": 1666900103, "price": 109018.10638269, "tid": 14342497, "type": "sell"}
{"amount": 0.00042414, "date": 1666900198, "price": 109137.14, "tid": 14342498, "type": "buy"}
{"amount": 0.0024327, "date": 1666900201, "price": 109054.22031859, "tid": 14342499, "type": "sell"}
{"amount": 9.16e-06, "date": 1666900217, "price": 109137.13998, "tid": 14342500, "type": "buy"}
{"amount": 9.3e-06, "date": 1666900253, "price": 109073.56721459, "tid": 14342501, "type": "sell"}
{"amount": 0.00105677, "date": 1666900257, "price": 109075.08351077, "tid": 14342502, "type": "sell"}
{"amount": 0.0031256, "date": 1666900326, "price": 109098.39855893, "tid": 14342503, "type": "sell"}
{"amount": 0.0009156, "date": 1666900331, "price": 109217.81856386, "tid": 14342504, "type": "buy"}
{"amount": 0.00069888, "date": 1666900336, "price": 109217.07512941, "tid": 14342505, "type": "buy"}
{"amount": 0.01588, "date": 1666900339, "price": 109103.04993139, "tid": 14342506, "type": "sell"}
{"amount": 0.00837613, "date": 1666900339, "price": 109101.40092, "tid": 14342507, "type": "sell"}
{"amount": 0.00014909, "date": 1666900368, "price": 109111.07861486, "tid": 14342508, "type": "sell"}
{"amount": 0.00013739, "date": 1666900456, "price": 109243.50994, "tid": 14342509, "type": "buy"}
{"amount": 0.01521, "date": 1666900476, "price": 109152.63817359, "tid": 14342510, "type": "sell"}
{"amount": 0.01553, "date": 1666900476, "price": 109150.96349317, "tid": 14342511, "type": "sell"}
{"amount": 0.01806, "date": 1666900476, "price": 109149.133447, "tid": 14342512, "type": "sell"}
{"amount": 0.0015462, "date": 1666900476, "price": 109148.5970463, "tid": 14342513, "type": "sell"}
{"amount": 0.00033, "date": 1666900556, "price": 109181.10610086, "tid": 14342514, "type": "sell"}
{"amount": 0.00590722, "date": 1666900597, "price": 109197.1851, "tid": 14342515, "type": "sell"}
{"amount": 0.00023, "date": 1666900629, "price": 109342.592, "tid": 14342516, "type": "buy"}
{"amount": 0.00127763, "date": 1666900629, "price": 109461.0131771, "tid": 14342517, "type": "buy"}
{"amount": 0.00016358, "date": 1666900641, "price": 109486.56253, "tid": 14342518, "type": "buy"}
{"amount": 0.0091335, "date": 1666900649, "price": 109278.76941, "tid": 14342519, "type": "sell"}
{"amount": 0.0004169, "date": 1666900659, "price": 109278.77941, "tid": 14342520, "type": "sell"}
{"amount": 0.0016167, "date": 1666900669, "price": 109281.57908435, "tid": 14342521, "type": "sell"}
{"amount": 0.00041091, "date": 1666900686, "price": 109486.5625, "tid": 14342522, "type": "buy"}
{"amount": 0.00105044, "date": 1666900805, "price": 109543.99308, "tid": 14342523, "type": "buy"}
{"amount": 0.0017641, "date": 1666900837, "price": 109359.16397461, "tid": 14342524, "type": "sell"}
{"amount": 0.00045643, "date": 1666900842, "price": 109543.99301, "tid": 14342525, "type": "buy"}
{"amount": 0.00925428, "date": 1666900867, "price": 109370.04591, "tid": 14342526, "type": "sell"}
{"amount": 0.00177174, "date": 1666900890, "price": 109202.91681665, "tid": 14342527, "type": "sell"}
{"amount": 0.00536803, "date": 1666900892, "price": 109242.92, "tid": 14342528, "type": "buy"}
{"amount": 9.15e-06, "date": 1666900949, "price": 109201.68, "tid": 14342529, "type": "buy"}
{"amount": 1.828e-05, "date": 1666901064, "price": 109370.04, "tid": 14342530, "type": "buy"}
{"amount": 0.0004572, "date": 1666901069, "price": 109225.69470116, "tid": 14342531, "type": "sell"}
{"amount": 4.835e-05, "date": 1666901205, "price": 109211.5271618, "tid": 14342532, "type": "sell"}
{"amount": 0.01602634, "date": 1666901280, "price": 109200, "tid": 14342533, "type": "sell"}
{"amount": 0.00639289, "date": 1666901303, "price": 109200, "tid": 14342534, "type": "sell"}
{"amount": 3.97e-05, "date": 1666901370, "price": 109009.33431, "tid": 14342535, "type": "sell"}
{"amount": 0.00697519, "date": 1666901419, "price": 109025.64666, "tid": 14342536, "type": "sell"}
{"amount": 0.001, "date": 1666901485, "price": 109000.00000001, "tid": 14342537, "type": "sell"}
{"amount": 1.831e-05, "date": 1666901489, "price": 109175.74204913, "tid": 14342538, "type": "buy"}
{"amount": 0.0011, "date": 1666901577, "price": 109012.58037466, "tid": 14342539, "type": "sell"}
{"amount": 4.581e-05, "date": 1666901651, "price": 109140.19103184, "tid": 14342540, "type": "buy"}
{"amount": 0.00091636, "date": 1666901690, "price": 109126.58739, "tid": 14342541, "type": "buy"}
{"amount": 9.15e-06, "date": 1666901800, "price": 109196.58, "tid": 14342542, "type": "buy"}
{"amount": 0.0152, "date": 1666901860, "price": 109000.00000001, "tid": 14342543, "type": "sell"}
{"amount": 0.000825, "date": 1666901860, "price": 109000, "tid": 14342544, "type": "sell"}
{"amount": 0.00189003, "date": 1666901860, "price": 109000, "tid": 14342545, "type": "sell"}
{"amount": 3.238e-05, "date": 1666901884, "price": 109000, "tid": 14342546, "type": "sell"}
{"amount": 0.00541362, "date": 1666901884, "price": 109000, "tid": 14342547, "type": "sell"}
{"amount": 0.00388105, "date": 1666901889, "price": 109000, "tid": 14342548, "type": "sell"}
{"amount": 0.01385, "date": 1666901889, "price": 108896.35315508, "tid": 14342549, "type": "sell"}
{"amount": 0.04690535, "date": 1666901889, "price": 108800, "tid": 14342550, "type": "sell"}
{"amount": 3.429e-05, "date": 1666901898, "price": 108888.61186001, "tid": 14342551, "type": "sell"}
{"amount": 0.0044753, "date": 1666901942, "price": 108819.86404, "tid": 14342552, "type": "sell"}
{"amount": 0.00060737, "date": 1666901992, "price": 108725.40000001, "tid": 14342553, "type": "sell"}
{"amount": 0.0037061, "date": 1666902003, "price": 108725.40001001, "tid": 14342554, "type": "sell"}
{"amount": 0.00036726, "date": 1666902028, "price": 108912.72083823, "tid": 14342555, "type": "buy"}
{"amount": 0.00110369, "date": 1666902034, "price": 108725.4, "tid": 14342556, "type": "sell"}
{"amount": 0.0166, "date": 1666902034, "price": 108719.81803666, "tid": 14342557, "type": "sell"}
{"amount": 0.00454865, "date": 1666902034, "price": 108609.01114744, "tid": 14342558, "type": "sell"}
{"amount": 0.0004, "date": 1666902088, "price": 108519.00006, "tid": 14342559, "type": "sell"}
{"amount": 0.0014705, "date": 1666902101, "price": 108519.00007, "tid": 14342560, "type": "sell"}
{"amount": 0.09922683, "date": 1666902226, "price": 108500, "tid": 14342561, "type": "sell"}
{"amount": 0.03979316, "date": 1666902236, "price": 108500, "tid": 14342562, "type": "sell"}
{"amount": 0.08830685, "date": 1666902297, "price": 108500, "tid": 14342563, "type": "sell"}
{"amount": 0.0119816, "date": 1666902334, "price": 108500, "tid": 14342564, "type": "sell"}
{"amount": 0.00010615, "date": 1666902383, "price": 108500.00007, "tid": 14342565, "type": "sell"}
{"amount": 0.004557, "date": 1666902432, "price": 108500, "tid": 14342566, "type": "sell"}
{"amount": 0.0023039, "date": 1666902435, "price": 108515.68051766, "tid": 14342567, "type": "buy"}
{"amount": 0.00046076, "date": 1666902437, "price": 108515.68051766, "tid": 14342568, "type": "buy"}
{"amount": 0.004, "date": 1666902470, "price": 108500, "tid": 14342569, "type": "sell"}
{"amount": 0.24941038, "date": 1666902482, "price": 108500, "tid": 14342570, "type": "sell"}
{"amount": 0.0006058, "date": 1666902493, "price": 108500, "tid": 14342571, "type": "sell"}
{"amount": 0.00092161, "date": 1666902510, "price": 108504.82999998, "tid": 14342572, "type": "buy"}
{"amount": 0.00020321, "date": 1666902512, "price": 108504.82999998, "tid": 14342573, "type": "buy"}
{"amount": 0.00102939, "date": 1666902517, "price": 108500, "tid": 14342574, "type": "sell"}
{"amount": 0.15000046, "date": 1666902531, "price": 108500, "tid": 14342575, "type": "sell"}
{"amount": 0.00020266, "date": 1666902612, "price": 108504.82, "tid": 14342576, "type": "buy"}
{"amount": 0.0048853, "date": 1666902621, "price": 108505, "tid": 14342577, "type": "buy"}
{"amount": 0.0325, "date": 1666902621, "price": 108682.91141011, "tid": 14342578, "type": "buy"}
{"amount": 0.00862808, "date": 1666902621, "price": 108682.91141012, "tid": 14342579, "type": "buy"}
{"amount": 0.0002811, "date": 1666902636, "price": 108500, "tid": 14342580, "type": "sell"}
{"amount": 0.00460829, "date": 1666902658, "price": 108500.01, "tid": 14342581, "type": "buy"}
{"amount": 0.001, "date": 1666902687, "price": 108500.00000001, "tid": 14342582, "type": "sell"}
{"amount": 0.00184064, "date": 1666902704, "price": 108657.65668457, "tid": 14342583, "type": "buy"}
{"amount": 0.00699767, "date": 1666902772, "price": 108730.819, "tid": 14342584, "type": "sell"}
{"amount": 0.00507866, "date": 1666902795, "price": 108881.60631425, "tid": 14342585, "type": "buy"}
{"amount": 0.00018349, "date": 1666902805, "price": 108993.68639999, "tid": 14342586, "type": "buy"}
{"amount": 0.11017905, "date": 1666902868, "price": 109000, "tid": 14342587, "type": "buy"}
{"amount": 0.01472, "date": 1666902880, "price": 109000, "tid": 14342588, "type": "buy"}
{"amount": 0.0122548, "date": 1666902892, "price": 109000, "tid": 14342589, "type": "buy"}
{"amount": 0.04884615, "date": 1666902906, "price": 109000, "tid": 14342590, "type": "buy"}
{"amount": 0.03553629, "date": 1666902924, "price": 108947.01006, "tid": 14342591, "type": "sell"}
{"amount": 0.04690371, "date": 1666902924, "price": 108947.01001, "tid": 14342592, "type": "sell"}
{"amount": 0.01376275, "date": 1666902971, "price": 108989.77179187, "tid": 14342593, "type": "buy"}
{"amount": 0.00366327, "date": 1666903059, "price": 108982.35859999, "tid": 14342594, "type": "buy"}
{"amount": 0.00951609, "date": 1666903124, "price": 108800.39667001, "tid": 14342595, "type": "sell"}
{"amount": 9.191e-05, "date": 1666903234, "price": 108800, "tid": 14342596, "type": "buy"}
{"amount": 0.00342701, "date": 1666903246, "price": 108689.25856001, "tid": 14342597, "type": "sell"}
{"amount": 0.00549809, "date": 1666903278, "price": 108800, "tid": 14342598, "type": "buy"}
{"amount": 0.00828291, "date": 1666903278, "price": 108875.71551, "tid": 14342599, "type": "buy"}
{"amount": 0.00053012, "date": 1666903289, "price": 108695.7763, "tid": 14342600, "type": "sell"}
{"amount": 0.00045084, "date": 1666903393, "price": 108673.23732474, "tid": 14342601, "type": "sell"}
{"amount": 0.00045938, "date": 1666903412, "price": 108841.91700999, "tid": 14342602, "type": "buy"}
{"amount": 8.91e-06, "date": 1666903428, "price": 108627.86731969, "tid": 14342603, "type": "sell"}
{"amount": 0.0001443, "date": 1666903438, "price": 108562.23540001, "tid": 14342604, "type": "sell"}
{"amount": 0.00045946, "date": 1666903475, "price": 108821.86110584, "tid": 14342605, "type": "buy"}
{"amount": 2.297e-05, "date": 1666903497, "price": 108816.35237, "tid": 14342606, "type": "buy"}
{"amount": 0.001, "date": 1666903556, "price": 108855.54497346, "tid": 14342607, "type": "sell"}
{"amount": 0.00090834, "date": 1666903570, "price": 108857.35241714, "tid": 14342608, "type": "sell"}
{"amount": 0.0229376, "date": 1666903596, "price": 108991.32999, "tid": 14342609, "type": "buy"}
{"amount": 0.0009175, "date": 1666903606, "price": 108991.32998999, "tid": 14342610, "type": "buy"}
{"amount": 3.852e-05, "date": 1666903621, "price": 109016.5706495, "tid": 14342611, "type": "buy"}
{"amount": 9.17e-06, "date": 1666903660, "price": 108991.16842, "tid": 14342612, "type": "buy"}
{"amount": 0.0012967, "date": 1666903708, "price": 108733.63262436, "tid": 14342613, "type": "sell"}
{"amount": 9.17e-06, "date": 1666903735, "price": 108968.34838858, "tid": 14342614, "type": "buy"}
{"amount": 0.007672, "date": 1666903773, "price": 108865.33752948, "tid": 14342615, "type": "sell"}
{"amount": 0.0053278, "date": 1666903774, "price": 108865.65895632, "tid": 14342616, "type": "sell"}
{"amount": 5.05e-05, "date": 1666903776, "price": 108865.65897001, "tid": 14342617, "type": "sell"}
{"amount": 1e-05, "date": 1666903785, "price": 108867.3965246, "tid": 14342618, "type": "sell"}
{"amount": 0.00968754, "date": 1666903788, "price": 108867.59916326, "tid": 14342619, "type": "sell"}
{"amount": 0.04008, "date": 1666903828, "price": 108882.90187585, "tid": 14342620, "type": "sell"}
{"amount": 0.01373, "date": 1666903828, "price": 108881.66042291, "tid": 14342621, "type": "sell"}
{"amount": 0.0013858, "date": 1666903828, "price": 108881.33202, "tid": 14342622, "type": "sell"}
{"amount": 0.0002429, "date": 1666903848, "price": 108784.21181, "tid": 14342623, "type": "sell"}
{"amount": 0.01270928, "date": 1666903855, "price": 108980.93314944, "tid": 14342624, "type": "buy"}
{"amount": 0.000126, "date": 1666903871, "price": 108975.0685485, "tid": 14342625, "type": "buy"}
{"amount": 0.0119483, "date": 1666903908, "price": 108857.04030702, "tid": 14342626, "type": "sell"}
{"amount": 0.03429, "date": 1666903968, "price": 108869.03394494, "tid": 14342627, "type": "sell"}
{"amount": 0.01199, "date": 1666903968, "price": 108868.88487742, "tid": 14342628, "type": "sell"}
{"amount": 0.01173, "date": 1666903968, "price": 108868.607705, "tid": 14342629, "type": "sell"}
{"amount": 0.01377, "date": 1666903968, "price": 108868.16283162, "tid": 14342630, "type": "sell"}
{"amount": 0.0116, "date": 1666903968, "price": 108867.62013268, "tid": 14342631, "type": "sell"}
{"amount": 0.03286, "date": 1666903968, "price": 108867.61081596, "tid": 14342632, "type": "sell"}
{"amount": 0.01237, "date": 1666903968, "price": 108867.15429668, "tid": 14342633, "type": "sell"}
{"amount": 0.0192, "date": 1666903968, "price": 108860.47187927, "tid": 14342634, "type": "sell"}
{"amount": 0.03261359, "date": 1666903968, "price": 108851.00006, "tid": 14342635, "type": "sell"}
{"amount": 0.0506, "date": 1666903968, "price": 108722.00001001, "tid": 14342636, "type": "sell"}
{"amount": 0.1707, "date": 1666903968, "price": 108722, "tid": 14342637, "type": "sell"}
{"amount": 0.06025174, "date": 1666903968, "price": 108553, "tid": 14342638, "type": "sell"}
{"amount": 0.01423, "date": 1666903970, "price": 108869.85847466, "tid": 14342639, "type": "sell"}
{"amount": 0.05, "date": 1666903970, "price": 108553.01, "tid": 14342640, "type": "sell"}
{"amount": 0.0644422, "date": 1666903970, "price": 108553.00001, "tid": 14342641, "type": "sell"}
{"amount": 0.08813443, "date": 1666903970, "price": 108500, "tid": 14342642, "type": "sell"}
{"amount": 0.10303963, "date": 1666903970, "price": 108500, "tid": 14342643, "type": "sell"}
{"amount": 0.00013455, "date": 1666903970, "price": 108397.0008, "tid": 14342644, "type": "sell"}
{"amount": 0.05001919, "date": 1666903970, "price": 108296.19944, "tid": 14342645, "type": "sell"}
{"amount": 0.00024651, "date": 1666903970, "price": 108869.67446944, "tid": 14342646, "type": "sell"}
{"amount": 0.00050424, "date": 1666903973, "price": 108869.67446944, "tid": 14342647, "type": "sell"}
{"amount": 0.01744812, "date": 1666904078, "price": 108869.66999999, "tid": 14342648, "type": "buy"}
{"amount": 0.00027556, "date": 1666904120, "price": 108866.60095004, "tid": 14342649, "type": "buy"}
{"amount": 0.00696, "date": 1666904136, "price": 108752.15164905, "tid": 14342650, "type": "sell"}
{"amount": 0.0037347, "date": 1666904136, "price": 108752.02354415, "tid": 14342651, "type": "sell"}
{"amount": 0.00707, "date": 1666904163, "price": 108762.53979185, "tid": 14342652, "type": "sell"}
{"amount": 0.00839, "date": 1666904163, "price": 108761.32464835, "tid": 14342653, "type": "sell"}
{"amount": 0.00317352, "date": 1666904163, "price": 108760.86278225, "tid": 14342654, "type": "sell"}
{"amount": 0.0002756, "date": 1666904246, "price": 108850.75162178, "tid": 14342655, "type": "buy"}
{"amount": 0.0004399, "date": 1666904272, "price": 108684.74756828, "tid": 14342656, "type": "sell"}
{"amount": 9.588e-05, "date": 1666904319, "price": 108684.7576, "tid": 14342657, "type": "sell"}
{"amount": 0.0003336, "date": 1666904320, "price": 108840.27208999, "tid": 14342658, "type": "buy"}
{"amount": 0.00064361, "date": 1666904333, "price": 108686.6339, "tid": 14342659, "type": "sell"}
{"amount": 9.37e-06, "date": 1666904343, "price": 108835.85755557, "tid": 14342660, "type": "buy"}
{"amount": 0.00013677, "date": 1666904489, "price": 108794.59765183, "tid": 14342661, "type": "buy"}
{"amount": 0.01, "date": 1666904557, "price": 108611.0101, "tid": 14342662, "type": "sell"}
{"amount": 0.00334352, "date": 1666904557, "price": 108611.00005, "tid": 14342663, "type": "sell"}
{"amount": 0.03265295, "date": 1666904557, "price": 108611, "tid": 14342664, "type": "sell"}
{"amount": 9.521e-05, "date": 1666904568, "price": 108704.94146, "tid": 14342665, "type": "buy"}
{"amount": 2.557e-05, "date": 1666904671, "price": 108682.60646999, "tid": 14342666, "type": "buy"}
{"amount": 0.0026194, "date": 1666904686, "price": 108531.2209781, "tid": 14342667, "type": "sell"}
{"amount": 0.00032833, "date": 1666904711, "price": 108541.17123506, "tid": 14342668, "type": "sell"}
{"amount": 0.00028412, "date": 1666904712, "price": 108541.17123506, "tid": 14342669, "type": "sell"}
{"amount": 0.05, "date": 1666904795, "price": 108527.0101, "tid": 14342670, "type": "sell"}
{"amount": 0.02125414, "date": 1666904795, "price": 108527.00005, "tid": 14342671, "type": "sell"}
{"amount": 0.0101, "date": 1666904840, "price": 108637.51724069, "tid": 14342672, "type": "buy"}
{"amount": 0.00019331, "date": 1666904865, "price": 108632.29831193, "tid": 14342673, "type": "buy"}
{"amount": 6.67e-05, "date": 1666904874, "price": 108527.00005, "tid": 14342674, "type": "sell"}
{"amount": 0.00015949, "date": 1666904897, "price": 108533.02467604, "tid": 14342675, "type": "sell"}
{"amount": 1.646e-05, "date": 1666904914, "price": 108707.31204485, "tid": 14342676, "type": "buy"}
{"amount": 0.0028517, "date": 1666904929, "price": 108527.0201, "tid": 14342677, "type": "sell"}
{"amount": 0.0005338, "date": 1666904930, "price": 108527.0201, "tid": 14342678, "type": "sell"}
{"amount": 0.0001791, "date": 1666904985, "price": 108527.00005, "tid": 14342679, "type": "sell"}
{"amount": 9.53e-05, "date": 1666904986, "price": 108527.01011, "tid": 14342680, "type": "sell"}
{"amount": 0.01699829, "date": 1666904986, "price": 108527.00005, "tid": 14342681, "type": "sell"}
{"amount": 0.00996968, "date": 1666904986, "price": 108442, "tid": 14342682, "type": "sell"}
{"amount": 9.206e-05, "date": 1666905080, "price": 108616.98729023, "tid": 14342683, "type": "buy"}
{"amount": 9.05e-05, "date": 1666905095, "price": 108610.35102999, "tid": 14342684, "type": "buy"}
{"amount": 0.00708856, "date": 1666905127, "price": 108610.20861999, "tid": 14342685, "type": "buy"}
{"amount": 0.00704749, "date": 1666905259, "price": 108423.04175, "tid": 14342686, "type": "sell"}
{"amount": 0.00545731, "date": 1666905259, "price": 108382, "tid": 14342687, "type": "sell"}
{"amount": 0.00043487, "date": 1666905311, "price": 108349.84918957, "tid": 14342688, "type": "sell"}
{"amount": 0.0027503, "date": 1666905340, "price": 108358.42988869, "tid": 14342689, "type": "sell"}
{"amount": 0.00010197, "date": 1666905395, "price": 108367.8784, "tid": 14342690, "type": "sell"}
{"amount": 0.00829372, "date": 1666905494, "price": 108515.82650134, "tid": 14342691, "type": "buy"}
{"amount": 0.0062763, "date": 1666905498, "price": 108374.01, "tid": 14342692, "type": "sell"}
{"amount": 0.0003506, "date": 1666905501, "price": 108374.01, "tid": 14342693, "type": "sell"}
{"amount": 0.00017852, "date": 1666905624, "price": 108374.02, "tid": 14342694, "type": "sell"}
{"amount": 0.00230524, "date": 1666905741, "price": 108448.51688211, "tid": 14342695, "type": "buy"}
{"amount": 0.0026741, "date": 1666905757, "price": 108447.65639, "tid": 14342696, "type": "buy"}
{"amount": 0.0008, "date": 1666905760, "price": 108374.02, "tid": 14342697, "type": "sell"}
{"amount": 0.0008875, "date": 1666905760, "price": 108348.01015, "tid": 14342698, "type": "sell"}
{"amount": 0.00395061, "date": 1666905782, "price": 108348.01015, "tid": 14342699, "type": "sell"}
{"amount": 0.00131019, "date": 1666905782, "price": 108305.30631, "tid": 14342700, "type": "sell"}
{"amount": 6.695e-05, "date": 1666905808, "price": 108433.4529344, "tid": 14342701, "type": "buy"}
{"amount": 8.242e-05, "date": 1666905895, "price": 108328.37120692, "tid": 14342702, "type": "sell"}
{"amount": 0.0001846, "date": 1666905936, "price": 108332.52551, "tid": 14342703, "type": "sell"}
{"amount": 0.00118062, "date": 1666905944, "price": 108331.03485, "tid": 14342704, "type": "sell"}
{"amount": 0.00692, "date": 1666905944, "price": 108331.03484177, "tid": 14342705, "type": "sell"}
{"amount": 0.01878, "date": 1666905944, "price": 108329.72817179, "tid": 14342706, "type": "sell"}
{"amount": 0.00692, "date": 1666905944, "price": 108329.59307935, "tid": 14342707, "type": "sell"}
{"amount": 0.05, "date": 1666905944, "price": 108329.2048, "tid": 14342708, "type": "sell"}
{"amount": 0.0083, "date": 1666905944, "price": 108328.51699819, "tid": 14342709, "type": "sell"}
{"amount": 0.00387808, "date": 1666905944, "price": 108328.36094313, "tid": 14342710, "type": "sell"}
{"amount": 0.0011363, "date": 1666905954, "price": 108336.87873006, "tid": 14342711, "type": "sell"}
{"amount": 0.00011896, "date": 1666906043, "price": 108343.06478588, "tid": 14342712, "type": "sell"}
{"amount": 1.816e-05, "date": 1666906068, "price": 108477.63059999, "tid": 14342713, "type": "buy"}
{"amount": 9.218e-05, "date": 1666906095, "price": 108476.68218277, "tid": 14342714, "type": "buy"}
{"amount": 0.0205, "date": 1666906129, "price": 108476.67241999, "tid": 14342715, "type": "buy"}
{"amount": 4.6e-07, "date": 1666906129, "price": 108502.13187741, "tid": 14342716, "type": "buy"}
{"amount": 5.53e-05, "date": 1666906147, "price": 108316.94964148, "tid": 14342717, "type": "sell"}
{"amount": 0.0009, "date": 1666906180, "price": 108305.32635, "tid": 14342718, "type": "sell"}
{"amount": 4.609e-05, "date": 1666906207, "price": 108462.92691, "tid": 14342719, "type": "buy"}
{"amount": 0.0006973, "date": 1666906235, "price": 108320.30802298, "tid": 14342720, "type": "sell"}
{"amount": 0.00282746, "date": 1666906269, "price": 108305.3364, "tid": 14342721, "type": "sell"}
{"amount": 8.794e-05, "date": 1666906281, "price": 108438.24975999, "tid": 14342722, "type": "buy"}
{"amount": 0.00688884, "date": 1666906303, "price": 108305.32635, "tid": 14342723, "type": "sell"}
{"amount": 0.06811116, "date": 1666906303, "price": 108300, "tid": 14342724, "type": "sell"}
{"amount": 0.00018445, "date": 1666906354, "price": 108427.56110172, "tid": 14342725, "type": "buy"}
{"amount": 0.00189039, "date": 1666906360, "price": 108308.05916142, "tid": 14342726, "type": "sell"}
{"amount": 0.00437336, "date": 1666906415, "price": 108308.59322692, "tid": 14342727, "type": "sell"}
{"amount": 0.00137963, "date": 1666906440, "price": 108434.24416819, "tid": 14342728, "type": "buy"}
{"amount": 0.00099899, "date": 1666906516, "price": 108335.8690201, "tid": 14342729, "type": "sell"}
{"amount": 0.00032979, "date": 1666906528, "price": 108431.07030617, "tid": 14342730, "type": "buy"}
{"amount": 0.02577025, "date": 1666906545, "price": 108319.49658, "tid": 14342731, "type": "sell"}
{"amount": 0.03715074, "date": 1666906545, "price": 108305, "tid": 14342732, "type": "sell"}
{"amount": 0.0124111, "date": 1666906569, "price": 108472.08999999, "tid": 14342733, "type": "buy"}
{"amount": 4.609e-05, "date": 1666906575, "price": 108472.08999999, "tid": 14342734, "type": "buy"}
{"amount": 0.0015797, "date": 1666906600, "price": 108364.76016991, "tid": 14342735, "type": "sell"}
{"amount": 0.00488794, "date": 1666906624, "price": 108472.08999999, "tid": 14342736, "type": "buy"}
{"amount": 4.609e-05, "date": 1666906664, "price": 108472.08999999, "tid": 14342737, "type": "buy"}
{"amount": 0.0035585, "date": 1666906676, "price": 108364.55255517, "tid": 14342738, "type": "sell"}
{"amount": 0.00473343, "date": 1666906733, "price": 108355.8185, "tid": 14342739, "type": "sell"}
{"amount": 0.00092189, "date": 1666906749, "price": 108472.07999999, "tid": 14342740, "type": "buy"}
{"amount": 0.00092189, "date": 1666906752, "price": 108472.07999999, "tid": 14342741, "type": "buy"}
{"amount": 8.27e-05, "date": 1666906804, "price": 108355.8285, "tid": 14342742, "type": "sell"}
{"amount": 1.18e-05, "date": 1666906824, "price": 108472.07995, "tid": 14342743, "type": "buy"}
{"amount": 2.304e-05, "date": 1666906852, "price": 108472.07993999, "tid": 14342744, "type": "buy"}
{"amount": 0.000851, "date": 1666906859, "price": 108355.8386, "tid": 14342745, "type": "sell"}
{"amount": 0.0003379, "date": 1666906881, "price": 108355.8386, "tid": 14342746, "type": "sell"}
{"amount": 0.00199225, "date": 1666906913, "price": 108355.8386, "tid": 14342747, "type": "sell"}
{"amount": 0.00018441, "date": 1666907120, "price": 108450.86622448, "tid": 14342748, "type": "buy"}
{"amount": 0.04694929, "date": 1666907188, "price": 108355.8185, "tid": 14342749, "type": "sell"}
{"amount": 0.00033515, "date": 1666907200, "price": 108456.40366999, "tid": 14342750, "type": "buy"}
{"amount": 0.00046597, "date": 1666907311, "price": 108438.94096845, "tid": 14342751, "type": "buy"}
{"amount": 0.00029035, "date": 1666907316, "price": 108330, "tid": 14342752, "type": "sell"}
{"amount": 4.98e-05, "date": 1666907357, "price": 108430.00000508, "tid": 14342753, "type": "buy"}
{"amount": 0.01019552, "date": 1666907367, "price": 108355.83865, "tid": 14342754, "type": "sell"}
{"amount": 0.01392628, "date": 1666907367, "price": 108337, "tid": 14342755, "type": "sell"}
{"amount": 0.00093905, "date": 1666907516, "price": 108459.8164305, "tid": 14342756, "type": "buy"}
{"amount": 8.813e-05, "date": 1666907588, "price": 108464.02128802, "tid": 14342757, "type": "buy"}
{"amount": 0.00020284, "date": 1666907606, "price": 108456.75513033, "tid": 14342758, "type": "buy"}
{"amount": 0.00025816, "date": 1666907616, "price": 108456.55525615, "tid": 14342759, "type": "buy"}
{"amount": 0.0007895, "date": 1666907762, "price": 108364.04, "tid": 14342760, "type": "sell"}
{"amount": 0.0176, "date": 1666907765, "price": 108472.07998999, "tid": 14342761, "type": "buy"}
{"amount": 0.00048922, "date": 1666907765, "price": 108472.08, "tid": 14342762, "type": "buy"}
{"amount": 0.01844387, "date": 1666907765, "price": 108472.09, "tid": 14342763, "type": "buy"}
{"amount": 0.0355, "date": 1666907765, "price": 108509.78769688, "tid": 14342764, "type": "buy"}
{"amount": 0.06654, "date": 1666907765, "price": 108638.94730382, "tid": 14342765, "type": "buy"}
{"amount": 0.1181431, "date": 1666907765, "price": 108640.37323, "tid": 14342766, "type": "buy"}
{"amount": 0.06179, "date": 1666907765, "price": 108640.37323547, "tid": 14342767, "type": "buy"}
{"amount": 0.02303, "date": 1666907765, "price": 108640.72423403, "tid": 14342768, "type": "buy"}
{"amount": 0.02793, "date": 1666907765, "price": 108642.08679094, "tid": 14342769, "type": "buy"}
{"amount": 0.02255, "date": 1666907765, "price": 108642.23791532, "tid": 14342770, "type": "buy"}
{"amount": 0.04497845, "date": 1666907765, "price": 108654.36495, "tid": 14342771, "type": "buy"}
{"amount": 3.451e-05, "date": 1666907777, "price": 108636.48300143, "tid": 14342772, "type": "buy"}
{"amount": 2.001e-05, "date": 1666907870, "price": 108507.00001, "tid": 14342773, "type": "sell"}
{"amount": 0.00064397, "date": 1666907901, "price": 108621.7380234, "tid": 14342774, "type": "buy"}
{"amount": 0.00145709, "date": 1666907906, "price": 108507.00007, "tid": 14342775, "type": "sell"}
{"amount": 0.00093287, "date": 1666907936, "price": 108507, "tid": 14342776, "type": "sell"}
{"amount": 0.00147608, "date": 1666908011, "price": 108706.33253, "tid": 14342777, "type": "buy"}
{"amount": 0.00566485, "date": 1666908011, "price": 108706.33254, "tid": 14342778, "type": "buy"}
{"amount": 0.01682, "date": 1666908070, "price": 108698.71025873, "tid": 14342779, "type": "buy"}
{"amount": 0.01544, "date": 1666908070, "price": 108699.985066, "tid": 14342780, "type": "buy"}
{"amount": 0.01544, "date": 1666908070, "price": 108700.73337543, "tid": 14342781, "type": "buy"}
{"amount": 0.04373, "date": 1666908070, "price": 108700.93812459, "tid": 14342782, "type": "buy"}
{"amount": 0.01561, "date": 1666908070, "price": 108701.86437079, "tid": 14342783, "type": "buy"}
{"amount": 0.01874, "date": 1666908070, "price": 108702.22999429, "tid": 14342784, "type": "buy"}
{"amount": 0.01874, "date": 1666908070, "price": 108703.27080252, "tid": 14342785, "type": "buy"}
{"amount": 0.04314848, "date": 1666908070, "price": 108706.33254, "tid": 14342786, "type": "buy"}
{"amount": 0.00013846, "date": 1666908079, "price": 108695.54152173, "tid": 14342787, "type": "buy"}
{"amount": 0.0009701, "date": 1666908082, "price": 108581.00007, "tid": 14342788, "type": "sell"}
{"amount": 0.0003094, "date": 1666908097, "price": 108582.4890993, "tid": 14342789, "type": "sell"}
{"amount": 0.00053905, "date": 1666908097, "price": 108690.34235556, "tid": 14342790, "type": "buy"}
{"amount": 0.00030749, "date": 1666908146, "price": 108684.43875478, "tid": 14342791, "type": "buy"}
{"amount": 0.0003054, "date": 1666908160, "price": 108581.00001, "tid": 14342792, "type": "sell"}
{"amount": 0.0001669, "date": 1666908239, "price": 108581.00001001, "tid": 14342793, "type": "sell"}
{"amount": 9.2e-06, "date": 1666908317, "price": 108690.4372, "tid": 14342794, "type": "buy"}
{"amount": 2.741e-05, "date": 1666908342, "price": 108694.22966923, "tid": 14342795, "type": "buy"}
{"amount": 0.00016552, "date": 1666908357, "price": 108686.64176286, "tid": 14342796, "type": "buy"}
{"amount": 0.0188, "date": 1666908392, "price": 108581.00000001, "tid": 14342797, "type": "sell"}
{"amount": 0.05341909, "date": 1666908392, "price": 108581, "tid": 14342798, "type": "sell"}
{"amount": 0.00230029, "date": 1666908411, "price": 108681.61784593, "tid": 14342799, "type": "buy"}
{"amount": 0.0043909, "date": 1666908456, "price": 108581.00000001, "tid": 14342800, "type": "sell"}
{"amount": 7.159e-05, "date": 1666908478, "price": 108581.00000001, "tid": 14342801, "type": "sell"}
{"amount": 9.202e-05, "date": 1666908486, "price": 108664.65754047, "tid": 14342802, "type": "buy"}
{"amount": 5.8e-05, "date": 1666908603, "price": 108589.45796001, "tid": 14342803, "type": "sell"}
{"amount": 3.591e-05, "date": 1666908604, "price": 108581, "tid": 14342804, "type": "sell"}
{"amount": 5.619e-05, "date": 1666908604, "price": 108558, "tid": 14342805, "type": "sell"}
{"amount": 3.08e-05, "date": 1666908660, "price": 108738.47895583, "tid": 14342806, "type": "buy"}
{"amount": 0.00678815, "date": 1666908704, "price": 108734.98822011, "tid": 14342807, "type": "buy"}
{"amount": 0.01338, "date": 1666908732, "price": 108724.37295116, "tid": 14342808, "type": "buy"}
{"amount": 0.00352, "date": 1666908732, "price": 108725.63800847, "tid": 14342809, "type": "buy"}
{"amount": 9.15e-05, "date": 1666908822, "price": 108548.00001001, "tid": 14342810, "type": "sell"}
{"amount": 0.00048278, "date": 1666908851, "price": 108548.00001, "tid": 14342811, "type": "sell"}
{"amount": 0.00466062, "date": 1666908929, "price": 108548.00001001, "tid": 14342812, "type": "sell"}
{"amount": 0.00046008, "date": 1666908940, "price": 108697.06917953, "tid": 14342813, "type": "buy"}
{"amount": 0.00022986, "date": 1666908943, "price": 108548.00001001, "tid": 14342814, "type": "sell"}
{"amount": 0.01020952, "date": 1666908947, "price": 108548.00001001, "tid": 14342815, "type": "sell"}
{"amount": 0.03000149, "date": 1666908947, "price": 108548.00001, "tid": 14342816, "type": "sell"}
{"amount": 0.000184, "date": 1666908958, "price": 108692.64728999, "tid": 14342817, "type": "buy"}
{"amount": 0.00042459, "date": 1666908962, "price": 108548.00001, "tid": 14342818, "type": "sell"}
{"amount": 0.00018602, "date": 1666909071, "price": 108548.00001001, "tid": 14342819, "type": "sell"}
{"amount": 9.25e-05, "date": 1666909167, "price": 108646.08560589, "tid": 14342820, "type": "buy"}
{"amount": 0.0192, "date": 1666909298, "price": 108548.00000001, "tid": 14342821, "type": "sell"}
{"amount": 0.00092198, "date": 1666909298, "price": 108548, "tid": 14342822, "type": "sell"}
{"amount": 0.0168, "date": 1666909298, "price": 108514.00001001, "tid": 14342823, "type": "sell"}
{"amount": 0.08604975, "date": 1666909298, "price": 108514.00001, "tid": 14342824, "type": "sell"}
{"amount": 0.04722827, "date": 1666909298, "price": 108514, "tid": 14342825, "type": "sell"}
{"amount": 0.00013947, "date": 1666909303, "price": 108619.74314, "tid": 14342826, "type": "buy"}
{"amount": 0.0015421, "date": 1666909328, "price": 108442, "tid": 14342827, "type": "sell"}
{"amount": 0.00069806, "date": 1666909469, "price": 108585.98480999, "tid": 14342828, "type": "buy"}
{"amount": 0.00180179, "date": 1666909545, "price": 108425.16688891, "tid": 14342829, "type": "sell"}
{"amount": 0.00012798, "date": 1666909669, "price": 108603.87899, "tid": 14342830, "type": "buy"}
{"amount": 0.0010694, "date": 1666909724, "price": 108565.12099999, "tid": 14342831, "type": "buy"}
{"amount": 0.0001977, "date": 1666909731, "price": 108476.64579, "tid": 14342832, "type": "sell"}
{"amount": 0.00230305, "date": 1666909953, "price": 108551.48676999, "tid": 14342833, "type": "buy"}
{"amount": 9.23e-06, "date": 1666910025, "price": 108425.1668, "tid": 14342834, "type": "sell"}
{"amount": 0.00254297, "date": 1666910025, "price": 108377.39278498, "tid": 14342835, "type": "sell"}
{"amount": 0.00737054, "date": 1666910041, "price": 108540.15949392, "tid": 14342836, "type": "buy"}
{"amount": 9.36e-05, "date": 1666910193, "price": 108404.65, "tid": 14342837, "type": "sell"}
{"amount": 4.607e-05, "date": 1666910196, "price": 108510.19999999, "tid": 14342838, "type": "buy"}
{"amount": 0.02145393, "date": 1666910202, "price": 108510.19999999, "tid": 14342839, "type": "buy"}
{"amount": 0.02093839, "date": 1666910202, "price": 108510.19999999, "tid": 14342840, "type": "buy"}
{"amount": 9.234e-05, "date": 1666910225, "price": 108510.17, "tid": 14342841, "type": "buy"}
{"amount": 0.000276, "date": 1666910246, "price": 108404.65, "tid": 14342842, "type": "sell"}
{"amount": 9.54e-05, "date": 1666910253, "price": 108404.65, "tid": 14342843, "type": "sell"}
{"amount": 3.16e-05, "date": 1666910259, "price": 108404.65, "tid": 14342844, "type": "sell"}
{"amount": 7.561e-05, "date": 1666910293, "price": 108416.36714196, "tid": 14342845, "type": "sell"}
{"amount": 0.00028566, "date": 1666910329, "price": 108482.56348833, "tid": 14342846, "type": "buy"}
{"amount": 0.00461593, "date": 1666910346, "price": 108480.6937, "tid": 14342847, "type": "buy"}
{"amount": 8.294e-05, "date": 1666910360, "price": 108500, "tid": 14342848, "type": "buy"}
{"amount": 0.00062178, "date": 1666910383, "price": 108478.6752, "tid": 14342849, "type": "buy"}
{"amount": 0.0126, "date": 1666910403, "price": 108470.89497366, "tid": 14342850, "type": "buy"}
{"amount": 0.01044748, "date": 1666910403, "price": 108472.68409132, "tid": 14342851, "type": "buy"}
{"amount": 0.04430034, "date": 1666910451, "price": 108404.65, "tid": 14342852, "type": "sell"}
{"amount": 0.00040407, "date": 1666910460, "price": 108404.65, "tid": 14342853, "type": "sell"}
{"amount": 0.00062286, "date": 1666910469, "price": 108289.95, "tid": 14342854, "type": "buy"}
{"amount": 0.00924, "date": 1666910482, "price": 108289.94, "tid": 14342855, "type": "sell"}
{"amount": 0.0226, "date": 1666910506, "price": 108115.00002001, "tid": 14342856, "type": "sell"}
{"amount": 0.0001667, "date": 1666910528, "price": 108000, "tid": 14342857, "type": "sell"}
{"amount": 0.07539735, "date": 1666910528, "price": 108000, "tid": 14342858, "type": "sell"}
{"amount": 0.0228, "date": 1666910543, "price": 108000.00000001, "tid": 14342859, "type": "sell"}
{"amount": 0.05163549, "date": 1666910543, "price": 108000, "tid": 14342860, "type": "sell"}
{"amount": 0.00045888, "date": 1666910547, "price": 108000.01, "tid": 14342861, "type": "buy"}
{"amount": 0.002323, "date": 1666910602, "price": 108000.00000001, "tid": 14342862, "type": "sell"}
{"amount": 0.0183, "date": 1666910647, "price": 108000.00005001, "tid": 14342863, "type": "sell"}
{"amount": 0.0474, "date": 1666910647, "price": 108000.00005001, "tid": 14342864, "type": "sell"}
{"amount": 0.0011853, "date": 1666910647, "price": 108000.00005, "tid": 14342865, "type": "sell"}
{"amount": 0.021591, "date": 1666910657, "price": 108000.00000001, "tid": 14342866, "type": "sell"}
{"amount": 0.0004416, "date": 1666910845, "price": 108070.53559674, "tid": 14342867, "type": "sell"}
{"amount": 9.242e-05, "date": 1666910889, "price": 108200.95999999, "tid": 14342868, "type": "buy"}
{"amount": 7.377e-05, "date": 1666910988, "price": 108160.3, "tid": 14342869, "type": "buy"}
{"amount": 0.00010401, "date": 1666911025, "price": 108160.29999999, "tid": 14342870, "type": "buy"}
{"amount": 0.00832168, "date": 1666911062, "price": 108151.19328731, "tid": 14342871, "type": "buy"}
{"amount": 4.624e-05, "date": 1666911158, "price": 108120.27999999, "tid": 14342872, "type": "buy"}
{"amount": 0.0013874, "date": 1666911175, "price": 108115.38527003, "tid": 14342873, "type": "buy"}
{"amount": 1.543e-05, "date": 1666911233, "price": 108201.36469, "tid": 14342874, "type": "buy"}
{"amount": 9.242e-05, "date": 1666911311, "price": 108197.74963999, "tid": 14342875, "type": "buy"}
{"amount": 0.00019622, "date": 1666911455, "price": 108092.5975897, "tid": 14342876, "type": "sell"}
{"amount": 0.00647332, "date": 1666911475, "price": 108136.09, "tid": 14342877, "type": "buy"}
{"amount": 0.02167, "date": 1666911503, "price": 108094.9234779, "tid": 14342878, "type": "sell"}
{"amount": 0.00918647, "date": 1666911541, "price": 108093.74, "tid": 14342879, "type": "buy"}
{"amount": 5.061e-05, "date": 1666911603, "price": 108080.71, "tid": 14342880, "type": "buy"}
{"amount": 0.00112813, "date": 1666911703, "price": 108080.70999999, "tid": 14342881, "type": "buy"}
{"amount": 0.002, "date": 1666911731, "price": 108080.7, "tid": 14342882, "type": "sell"}
{"amount": 0.0030868, "date": 1666911731, "price": 108000, "tid": 14342883, "type": "sell"}
{"amount": 0.00036024, "date": 1666911736, "price": 108000, "tid": 14342884, "type": "sell"}
{"amount": 0.14907411, "date": 1666911802, "price": 108000, "tid": 14342885, "type": "sell"}
{"amount": 0.02864045, "date": 1666911826, "price": 108000, "tid": 14342886, "type": "sell"}
{"amount": 0.00203472, "date": 1666911826, "price": 108000, "tid": 14342887, "type": "sell"}
{"amount": 0.00934874, "date": 1666911826, "price": 108000, "tid": 14342888, "type": "sell"}
{"amount": 0.05232505, "date": 1666911837, "price": 108000, "tid": 14342889, "type": "sell"}
{"amount": 0.01828222, "date": 1666911856, "price": 108000, "tid": 14342890, "type": "sell"}
{"amount": 0.00204637, "date": 1666911881, "price": 108000, "tid": 14342891, "type": "sell"}
{"amount": 0.00118332, "date": 1666911923, "price": 108008.77, "tid": 14342892, "type": "buy"}
{"amount": 0.0004629, "date": 1666911974, "price": 108000, "tid": 14342893, "type": "sell"}
{"amount": 0.01012731, "date": 1666912028, "price": 108000, "tid": 14342894, "type": "sell"}
{"amount": 0.00224555, "date": 1666912028, "price": 108000, "tid": 14342895, "type": "sell"}
{"amount": 0.00370372, "date": 1666912028, "price": 108000, "tid": 14342896, "type": "sell"}
{"amount": 2e-05, "date": 1666912028, "price": 108000, "tid": 14342897, "type": "sell"}
{"amount": 0.00925926, "date": 1666912028, "price": 108000, "tid": 14342898, "type": "sell"}
{"amount": 0.00555555, "date": 1666912028, "price": 108000, "tid": 14342899, "type": "sell"}
{"amount": 0.005, "date": 1666912028, "price": 108000, "tid": 14342900, "type": "sell"}
{"amount": 0.00192241, "date": 1666912028, "price": 108000, "tid": 14342901, "type": "sell"}
{"amount": 0.0502012, "date": 1666912028, "price": 108000, "tid": 14342902, "type": "sell"}
{"amount": 9.26e-06, "date": 1666912028, "price": 108000, "tid": 14342903, "type": "sell"}
{"amount": 8.43e-05, "date": 1666912094, "price": 107919.39, "tid": 14342904, "type": "sell"}
{"amount": 3.471e-05, "date": 1666912125, "price": 108010.1, "tid": 14342905, "type": "buy"}
{"amount": 0.00028443, "date": 1666912269, "price": 107924.33157, "tid": 14342906, "type": "sell"}
{"amount": 0.00535707, "date": 1666912269, "price": 107924.33155733, "tid": 14342907, "type": "sell"}
{"amount": 0.01060311, "date": 1666912348, "price": 107937.37331942, "tid": 14342908, "type": "sell"}
{"amount": 0.00698469, "date": 1666912355, "price": 107940.37796162, "tid": 14342909, "type": "sell"}
{"amount": 0.0020442, "date": 1666912370, "price": 107944.10930798, "tid": 14342910, "type": "sell"}
{"amount": 0.01652, "date": 1666912372, "price": 107945.36007764, "tid": 14342911, "type": "sell"}
{"amount": 0.01619, "date": 1666912372, "price": 107944.83135378, "tid": 14342912, "type": "sell"}
{"amount": 0.0136358, "date": 1666912372, "price": 107944.10930798, "tid": 14342913, "type": "sell"}
{"amount": 0.01568, "date": 1666912372, "price": 107943.6877264, "tid": 14342914, "type": "sell"}
{"amount": 0.01943, "date": 1666912372, "price": 107936.51152282, "tid": 14342915, "type": "sell"}
{"amount": 0.01882, "date": 1666912372, "price": 107934.91370534, "tid": 14342916, "type": "sell"}
{"amount": 0.04628, "date": 1666912372, "price": 107930.19343498, "tid": 14342917, "type": "sell"}
{"amount": 0.0458, "date": 1666912372, "price": 107929.08008694, "tid": 14342918, "type": "sell"}
{"amount": 0.00455309, "date": 1666912372, "price": 107919.39, "tid": 14342919, "type": "sell"}
{"amount": 0.00104068, "date": 1666912372, "price": 107900, "tid": 14342920, "type": "sell"}
{"amount": 0.16488438, "date": 1666912372, "price": 107876, "tid": 14342921, "type": "sell"}
{"amount": 0.01390176, "date": 1666912375, "price": 107931.215945, "tid": 14342922, "type": "sell"}
{"amount": 0.00185231, "date": 1666912386, "price": 107972.82999, "tid": 14342923, "type": "buy"}
{"amount": 8.399e-05, "date": 1666912475, "price": 107877.89, "tid": 14342924, "type": "buy"}
{"amount": 0.00021882, "date": 1666912619, "price": 107849.5412, "tid": 14342925, "type": "sell"}
{"amount": 0.00237013, "date": 1666912619, "price": 107830, "tid": 14342926, "type": "sell"}
{"amount": 0.00037082, "date": 1666912633, "price": 107868.13735247, "tid": 14342927, "type": "buy"}
{"amount": 0.00256529, "date": 1666912650, "price": 107826.00005, "tid": 14342928, "type": "sell"}
{"amount": 0.00011562, "date": 1666912674, "price": 107932.48998999, "tid": 14342929, "type": "buy"}
{"amount": 2.696e-05, "date": 1666912683, "price": 107922.65045609, "tid": 14342930, "type": "buy"}
{"amount": 0.00135255, "date": 1666912805, "price": 107836.901081, "tid": 14342931, "type": "sell"}
{"amount": 0.0009491, "date": 1666912977, "price": 107849.87386564, "tid": 14342932, "type": "sell"}
{"amount": 9.26e-06, "date": 1666913038, "price": 107933.41865877, "tid": 14342933, "type": "buy"}
{"amount": 0.00013759, "date": 1666913071, "price": 107929.25994, "tid": 14342934, "type": "buy"}
{"amount": 9.26e-06, "date": 1666913089, "price": 107927.38613107, "tid": 14342935, "type": "buy"}
{"amount": 0.0001104, "date": 1666913105, "price": 107860.05486, "tid": 14342936, "type": "sell"}
{"amount": 0.00650236, "date": 1666913161, "price": 107923.73505439, "tid": 14342937, "type": "buy"}
{"amount": 0.004976, "date": 1666913185, "price": 107860.05486, "tid": 14342938, "type": "sell"}
{"amount": 4.632e-05, "date": 1666913219, "price": 107922.16506078, "tid": 14342939, "type": "buy"}
{"amount": 9.26e-06, "date": 1666913225, "price": 107920.93412833, "tid": 14342940, "type": "buy"}
{"amount": 4.633e-05, "date": 1666913240, "price": 107915.25721413, "tid": 14342941, "type": "buy"}
{"amount": 0.00046333, "date": 1666913246, "price": 107912.3395386, "tid": 14342942, "type": "buy"}
{"amount": 7.523e-05, "date": 1666913263, "price": 107928.58293866, "tid": 14342943, "type": "buy"}
{"amount": 1.555e-05, "date": 1666913301, "price": 107860.05491, "tid": 14342944, "type": "sell"}
{"amount": 4.169e-05, "date": 1666913316, "price": 107931.62492618, "tid": 14342945, "type": "buy"}
{"amount": 0.00037063, "date": 1666913349, "price": 107921.5188426, "tid": 14342946, "type": "buy"}
{"amount": 0.00302821, "date": 1666913441, "price": 107873.09973, "tid": 14342947, "type": "sell"}
{"amount": 0.0086876, "date": 1666913550, "price": 107912.39026999, "tid": 14342948, "type": "buy"}
{"amount": 0.002, "date": 1666913592, "price": 107879.43816, "tid": 14342949, "type": "sell"}
{"amount": 0.00678165, "date": 1666913613, "price": 107879.43816, "tid": 14342950, "type": "sell"}
{"amount": 0.00012043, "date": 1666913631, "price": 107939.0543957, "tid": 14342951, "type": "buy"}
{"amount": 0.00786603, "date": 1666913652, "price": 107888.03579666, "tid": 14342952, "type": "sell"}
{"amount": 6.267e-05, "date": 1666913690, "price": 107879.43816, "tid": 14342953, "type": "sell"}
{"amount": 0.00019485, "date": 1666913690, "price": 107879.43816, "tid": 14342954, "type": "sell"}
{"amount": 3.445e-05, "date": 1666913734, "price": 107894.84467308, "tid": 14342955, "type": "sell"}
{"amount": 0.00028, "date": 1666913885, "price": 107890.71969, "tid": 14342956, "type": "sell"}
{"amount": 9.27e-06, "date": 1666913936, "price": 107890.7196, "tid": 14342957, "type": "sell"}
{"amount": 0.12999073, "date": 1666913936, "price": 107833, "tid": 14342958, "type": "sell"}
